2025 3292
506 289 615 342 222
1184 300 1383 342 unu.

580 407 687 463 Vos
711 405 926 478 cepistis
949 405 1163 460 vineam
1185 405 1288 459 Dei
1311 406 1545 475 irrigare,

577 494 751 560 Quam
775 492 1029 548 doctrinm
1051 492 1240 546 rivulis
1265 491 1468 547 debetis
1489 492 1701 562 rigare:

572 580 645 635 Et
671 580 850 651 spinas
874 584 929 634 et
952 578 1180 633 tribulos
1202 579 1388 649 procul
1413 579 1703 650 extirpare,

576 666 659 721 Ut
680 666 883 722 radices
908 665 1063 720 Fidei
1085 666 1291 736 possint
1314 666 1627 735 germinare.

572 853 679 907 Vos
702 853 829 907 estis
853 852 912 905 in
934 851 1060 905 aree
1083 849 1243 904 boves
1265 850 1597 917 triturantes,

571 939 871 993 Prudenter
893 955 928 992 a
950 937 1108 1007 palea
1132 953 1362 1006 granum
1385 941 1728 1006 separantes:

572 1025 680 1081 Vos
703 1023 906 1080 habent
928 1041 1024 1094 pro
1047 1022 1262 1093 speculo
1285 1022 1468 1091 legum
1489 1021 1810 1091 ignorantes

569 1111 717 1166 Inici
740 1110 834 1183 qui
857 1109 1075 1180 fragiles
1099 1114 1224 1162 sunt
1241 1113 1298 1163 et
1321 1108 1704 1164 inconstantes.

571 1295 849 1368 Quidquid
873 1294 1062 1352 vident
1085 1293 1212 1349 laici
1235 1291 1384 1348 vobis
1408 1292 1695 1363 displicere

565 1383 761 1438 Dicent
783 1381 1135 1454 proculdubio
1160 1379 1262 1435 sibi
1286 1396 1393 1434 non
1417 1379 1611 1435 licere:

565 1469 843 1540 Quidquid
868 1486 961 1524 vos
986 1468 1047 1522 in
1070 1484 1226 1539 opere
1248 1467 1436 1522 vident
1459 1465 1782 1538 adimplere,

563 1557 808 1613 Credunt
831 1572 943 1611 esse
966 1555 1196 1622 licitum,
1220 1558 1276 1607 et
1300 1552 1463 1624 culp&
1487 1569 1686 1608 carere.

562 1741 698 1797 Cum
720 1747 955 1812 pastores
978 1738 1164 1795 ovium
1189 1736 1308 1794 sitis
1331 1737 1631 1804 constituti,

560 1829 683 1884 Non
706 1833 873 1884 estote
897 1827 1118 1894 desides,
1143 1825 1284 1880 sicut
1305 1841 1462 1880 canes
1485 1824 1630 1879 muti
1655 1843 1669 1880 :

557 1913 723 1969 Vobis
744 1931 852 1968 non
876 1911 1131 1968 deficiant
1153 1911 1382 1966 latratus
1405 1911 1554 1965 acuti
1575 1929 1591 1978 ς

556 2001 742 2072 Lupus
763 2019 933 2072 rapax
954 1999 1164 2056 invidet
1186 1997 1370 2054 ovium
1391 1997 1572 2052 saluti.

555 2189 698 2244 Grex
718 2186 892 2242 fidelis
915 2184 1118 2257 triplici
1140 2183 1257 2240 cibo
1281 2182 1578 2240 sustinetur
1601 2201 1614 2237 z

553 2275 778 2346 Corpore
800 2273 1079 2328 Dominico
1103 2288 1209 2343 quo
1234 2271 1377 2326 salus
1401 2276 1634 2340 augetur
1657 2290 1671 2328 :

552 2361 821 2417 Sermonis
843 2359 1170 2430 compendio,
1193 2357 1339 2428 quod
1362 2357 1592 2414 discrete
1615 2358 1788 2416 detur
1811 2379 1826 2416 z

551 2447 829 2504 Munduno
852 2446 1066 2514 cibario,
1089 2463 1158 2500 ne
1181 2444 1532 2516 periclitetur.

552 2611 753 2669 Ovibus
776 2608 1038 2666 tenemini
1059 2609 1251 2665 vestris
1274 2607 1600 2680 proedicare:

548 2699 653 2755 Sed
677 2698 824 2769 quid,
848 2695 1058 2767 quibus,
1080 2696 1326 2767 qualiter,
1343 2694 1456 2762 ubi,
1483 2696 1721 2767 quando,
1746 2715 1928 2769 quare.

549 2785 773 2842 Debetis
797 2785 1022 2840 sollicite
1045 2785 1507 2855 preconsiderare:

546 2873 634 2928 Ne
656 2873 777 2942 quis
800 2871 861 2925 in
881 2871 1054 2926 officio
1075 2870 1222 2926 dicet
1245 2888 1340 2928 vos
1361 2888 1556 2928 errare.
