2025 3292
493 362 600 412 252⁴
1151 372 1329 412 Nous.

494 495 551 545 Ρ.
579 496 687 544 189.
730 497 1047 556 Apostolorum
1073 498 1244 558 passio.
1313 494 1386 542 Ut
1421 495 1630 554 videtur,
1671 495 1756 544 hic
1795 495 2014 560 hymnus

562 578 611 627 S.
631 576 882 624 Ambrosii
907 582 993 624 est.

496 686 563 695 —
584 685 651 694 —
681 657 715 706 l.
754 659 830 706 14.
876 659 1032 707 Suum.
1079 657 1270 716 Thom„
1305 659 1488 706 Simon.-
1545 673 1661 721 quae
1707 659 1860 708 lectio
1909 660 2008 707 sine

564 739 713 788 dubio
736 738 931 786 sincera
952 743 1040 788 est.

498 847 563 858 —-
584 847 650 857 —
666 820 702 869 1.
729 820 803 872 17.
840 819 1039 879 Thom„
1063 821 1188 868 Hine
1224 821 1370 869 Roma
1404 822 1573 868 celsum
1606 825 1833 870 verticem
1869 825 2010 870 Devo-

566 906 716 951 tiom's.
784 901 936 950 Hunc
957 917 1155 950 versum
1178 917 1294 949 cum
1316 901 1536 964 sequenti
1559 903 1858 965 transponit.

501 1011 567 1020 —
595 986 702 1033 190.
726 983 760 1032 1.
784 986 830 1032 2.
864 983 1057 1042 Thom.,
1085 985 1174 1031 Est
1197 985 1436 1032 allevatus.

502 1091 567 1102 --
589 1091 655 1101 —
675 1065 708 1113 l.
734 1066 780 1113 6.
820 1065 1016 1122 Thom,
1030 1066 1210 1126 plebem
1233 1067 1363 1127 poli.-
1399 1067 1579 1124 Electa,
1610 1069 1836 1128 gentium
1867 1073 2016 1127 caput.

508 1147 676 1206 Addit,
698 1161 785 1210 pro
807 1161 951 1193 versu
974 1145 1207 1208 septimo:

768 1261 939 1309 Tantae
962 1275 1051 1323 per
1075 1259 1228 1308 Urbis
1250 1260 1492 1308 ambitum

774 1341 964 1404 Stipata
985 1341 1193 1388 tendunt
1215 1341 1438 1404 agmina:

774 1419 939 1466 Trinis
960 1418 1232 1467 celebratur
1253 1418 1346 1466 viis

777 1499 979 1547 Festum
1002 1514 1253 1547 sacrorum
1272 1505 1560 1563 martyrum.

516 1651 583 1661 —-
608 1623 713 1671 192.
748 1625 895 1671 Lucis
916 1620 1212 1684 hujusfista.
1251 1621 1539 1670 Notandum
1557 1627 1649 1680 est,
1674 1623 1959 1685 praeeipuos
1979 1620 2022 1668 in

581 1705 705 1754 festo
731 1705 781 1752 S.
796 1704 955 1752 Annae
978 1703 1190 1767 hymnos
1210 1704 1362 1766 hujus
1384 1719 1488 1752 esse
1510 1705 1686 1751 metri:
1726 1711 1786 1752 ut
1811 1705 1862 1752 in
1887 1704 2018 1751 Brev.

586 1786 786 1845 Sarisb„

971 1868 1082 1914 Ave
1101 1873 1258 1914 mater
1273 1865 1436 1924 Anna,

974 1947 1129 1996 Plena
1148 1947 1295 1996 melle
1317 1963 1487 1996 canna.

522 2085 586 2093 —
614 2058 721 2106 193.
756 2055 944 2120 Hymn.
960 2054 1097 2102 xxvi.
1131 2053 1180 2101 S.
1199 2053 1440 2112 Odonem,
1460 2053 1708 2101 Abbatem
1735 2053 2020 2102 cluniacen·

586 2155 691 2188 sem
713 2144 959 2186 auctorem
980 2135 1140 2184 habet.

522 2247 590 2257 —
615 2221 722 2270 194.
748 2220 935 2282 Hymn.
960 2217 1112 2266 xxvii.
1154 2217 1268 2275 Hic,
1294 2222 1351 2263 ut
1373 2223 1422 2262 et
1443 2215 1538 2263 duo
1561 2222 1826 2278 sequentes
1848 2214 2022 2278 hymni,

590 2302 653 2350 ad
690 2315 915 2349 normam
962 2315 1134 2347 eorum
1187 2297 1444 2360 compositi
1485 2302 1615 2354 sunt,
1661 2312 1790 2359 quos
1833 2295 2024 2360 protulit

593 2383 642 2431 S.
688 2383 903 2430 Thomas
948 2381 1175 2444 Aquinas
1220 2379 1272 2427 in
1317 2377 1520 2426 Festum
1559 2377 1795 2440 Corporis
1836 2377 2025 2425 Christi.

594 2463 911 2526 Respondent
948 2464 1110 2511 Gaude
1149 2469 1298 2509 mater
1334 2462 1544 2522 pietatis,
1582 2465 1631 2506 et
1666 2461 1840 2523 Pange
1876 2462 2025 2520 Rugum

588 2547 802 2608 gloriosae
816 2567 833 2598 ‚·
876 2545 1072 2592 Exultet
1115 2545 1328 2590 laudibus
1362 2548 1548 2590 saerata
1587 2543 1758 2597 concio,
1799 2547 1848 2588 et
1881 2543 2025 2588 Sacris

592 2628 821 2674 solemniis
828 2624 1003 2686 juncta
1025 2631 1133 2671 sunt
1150 2626 1330 2684 gaudia
1345 2642 1360 2670 .-
1386 2624 1563 2671 Novum
1586 2624 1718 2670 sidus
1739 2626 1969 2679 exoritur,
1990 2627 2025 2667 e!

602 2709 795 2756 Verbum
818 2722 1062 2767 supernam
1079 2707 1313 2766 prodiens.

531 2811 596 2820 --
619 2787 727 2834 224.
777 2787 889 2833 Cum
928 2787 1104 2833 revolvo
1139 2788 1405 2848 diligenter.
1471 2785 1802 2845 Poematium,
1841 2801 1904 2834 ex
1945 2799 2025 2848 quo

599 2865 845 2926 desumpti
876 2873 993 2911 sunt
1023 2865 1077 2911 hi
1109 2881 1294 2924 versus,
1325 2867 1518 2930 primus
1552 2883 1578 2916 e
1603 2867 1715 2916 MS.
1741 2867 1848 2918 xii.¹
1869 2865 2025 2916 saeculi

596 2943 783 3005 publici
798 2945 928 3005 juris
951 2943 1068 2993 feeit
1087 2945 1150 2993 V.
1174 2946 1239 2995 D.
1265 2947 1326 2996 E.
1352 2949 1420 2995 du
1443 2948 1608 2996 Meril.
