2025 3292
474 214 544 265 34

1129 225 1323 264 Humi

755 329 842 383 Tu
865 328 1101 386 Sabaoth
1124 329 1487 400 Omnipotens,

757 417 1019 471 Hosanna
1043 416 1234 470 summi
1258 416 1507 470 culminis
1532 433 1550 482 ;

755 501 876 556 'ribi
900 503 1020 556 laus
1043 508 1124 557 est
1147 502 1425 570 mirabilis,

759 588 842 643 Tu
865 588 1040 658 prima
1062 605 1119 644 es
1141 589 1435 644 Anastasis·

757 732 842 786 Tu
863 733 988 788 fidei
1012 733 1228 788 auditor
1250 751 1322 801 ee,

757 819 831 873 Et
854 818 1085 874 humiles
1109 825 1174 874 tu
1195 820 1412 890 respicis
1435 838 1451 886 3

759 901 882 962 Tibi
904 906 1019 960 alta.
1042 905 1188 961 sedes
1213 907 1457 961 Thronus
1476 926 1493 974 3

729 1050 743 1065 ‚
766 993 890 1047 Tibi
913 993 1128 1047 divinus
1152 999 1233 1048 est
1256 993 1445 1050 honor.

762 1138 983 1204 Christo,
1004 1143 1289 1209 eternoque
1312 1139 1427 1194 Deo

762 1225 926 1293 Patri,
952 1243 1077 1280 cum
1101 1224 1295 1280 Sancto
1319 1225 1541 1296 Spiritu,

761 1313 830 1367 In
851 1318 907 1367 te
931 1313 1197 1367 solvamus
1218 1330 1443 1368 munera

761 1400 812 1453 A
836 1399 1044 1454 saeculis
1067 1400 1127 1452 in
1150 1400 1357 1454 saeculs.

849 1583 886 1623 Ε
910 1584 1220 1624 BREvumo
1248 1585 1618 1626 OADURCBNSI.

763 1706 808 1761 Ο
834 1721 933 1768 QUI
958 1706 1152 1760 diurno
1175 1705 1380 1760 lumine

762 1793 802 1848 J
802 1810 892 1846 am
915 1792 1135 1864 provehi
1160 1791 1301 1848 diem
1316 1791 1489 1864 jubes,

761 1880 803 1935 J
803 1898 912 1946 esu,
935 1880 1144 1949 refulge
1167 1879 1395 1950 desuper

761 1967 918 2021 Puris
940 1967 1133 2022 amoris
1157 1965 1390 2036 ignibus.

759 2111 833 2167 'l'e
856 2111 956 2165 lux
979 2115 1175 2180 agatur
1196 2109 1395 2164 arbitro

761 2199 893 2265 Quae
915 2203 972 2252 te
995 2198 1219 2252 recurrit
1242 2197 1457 2266 auspice
1480 2211 1494 2251 t

760 2277 874 2339 Scli
896 2285 995 2338 tibi
1019 2285 1106 2338 fac
1129 2285 1309 2338 vivere

761 2371 871 2427 Nos
895 2371 990 2442 qui
1016 2370 1099 2424 tui
1122 2377 1299 2424 totum
1322 2387 1521 2424 sumus.

759 2516 816 2571 Si
841 2516 1055 2586 quando
1080 2533 1221 2569 curae
1246 2513 1569 2582 distrahunt,

761 2603 1043 2672 Nusquam
1065 2602 1221 2656 malis
1245 2619 1340 2654 nos
1364 2601 1643 2671 implicent
1666 2619 1682 2656 z

760 2689 914 2742 Mens
937 2694 1154 2757 respuat
1177 2686 1461 2753 terrestria,

763 2774 1004 2844 Superna
1028 2791 1233 2844 semper
1254 2780 1491 2843 appetat.
