<?xml version="1.0" encoding="UTF-8"?>
<!DOCTYPE html PUBLIC "-//W3C//DTD XHTML 1.0 Transitional//EN"
    "http://www.w3.org/TR/xhtml1/DTD/xhtml1-transitional.dtd">
<html xmlns="http://www.w3.org/1999/xhtml" xml:lang="en" lang="en">
 <head>
  <title>
</title>
<meta http-equiv="Content-Type" content="text/html;charset=utf-8" />
  <meta name='ocr-system' content='tesseract 3.04.00' />
  <meta name='ocr-capabilities' content='ocr_page ocr_carea ocr_par ocr_line ocrx_word'/>
</head>
<body>
  <div class='ocr_page' id='page_1' title='image "./hymniecclesiaee00nealgoog_0020.png"; bbox 0 0 2025 3292; ppageno 0'>
   <div class='ocr_carea' id='block_1_1' title="bbox 993 257 1191 294">
    <p class='ocr_par' dir='ltr' id='par_1_1' title="bbox 993 257 1191 294">
     <span class='ocr_line' id='line_1_1' title="bbox 993 257 1191 294; baseline 0 0"><span class='ocrx_word' id='word_1_1' title='bbox 993 257 1191 294; x_wconf 75' lang='lat' dir='ltr'><strong>mmm</strong></span> 
     </span>
    </p>
   </div>
   <div class='ocr_carea' id='block_1_2' title="bbox 487 361 1385 690">
    <p class='ocr_par' dir='ltr' id='par_1_2' title="bbox 487 361 1385 690">
     <span class='ocr_line' id='line_1_2' title="bbox 487 361 1128 431; baseline -0.002 -17"><span class='ocrx_word' id='word_1_2' title='bbox 487 361 593 417; x_wconf 89' lang='lat' dir='ltr'><strong>Sed</strong></span> <span class='ocrx_word' id='word_1_3' title='bbox 617 378 832 431; x_wconf 88' lang='lat' dir='ltr'><strong>corpore</strong></span> <span class='ocrx_word' id='word_1_4' title='bbox 855 365 910 416; x_wconf 90' lang='lat' dir='ltr'><strong>et</strong></span> <span class='ocrx_word' id='word_1_5' title='bbox 933 366 1128 428; x_wconf 87' lang='lat' dir='ltr'><strong>mente,</strong></span> 
     </span>
     <span class='ocr_line' id='line_1_3' title="bbox 628 447 1199 518; baseline -0.002 -17"><span class='ocrx_word' id='word_1_6' title='bbox 628 449 701 501; x_wconf 85' lang='lat' dir='ltr'><strong>Et</strong></span> <span class='ocrx_word' id='word_1_7' title='bbox 725 447 918 518; x_wconf 86' lang='lat' dir='ltr'><strong>spiritu</strong></span> <span class='ocrx_word' id='word_1_8' title='bbox 943 447 1199 514; x_wconf 75' lang='lat' dir='ltr'><strong>fervente,</strong></span> 
     </span>
     <span class='ocr_line' id='line_1_4' title="bbox 631 534 1127 603; baseline -0.01 -14"><span class='ocrx_word' id='word_1_9' title='bbox 631 534 873 603; x_wconf 87' lang='lat' dir='ltr'><strong>Vestigio</strong></span> <span class='ocrx_word' id='word_1_10' title='bbox 897 534 1127 603; x_wconf 86' lang='lat' dir='ltr'><strong>impigro</strong></span> 
     </span>
     <span class='ocr_line' id='line_1_5' title="bbox 633 619 1385 690; baseline 0 -16"><span class='ocrx_word' id='word_1_11' title='bbox 633 621 706 674; x_wconf 76' lang='lat' dir='ltr'><strong>Te</strong></span> <span class='ocrx_word' id='word_1_12' title='bbox 730 637 1127 690; x_wconf 74' lang='lat' dir='ltr'><strong>consequamur,</strong></span> <span class='ocrx_word' id='word_1_13' title='bbox 1155 619 1385 676; x_wconf 78' lang='lat' dir='ltr'><strong>Christe.</strong></span> 
     </span>
    </p>
   </div>
   <div class='ocr_carea' id='block_1_3' title="bbox 1007 782 1195 823">
    <p class='ocr_par' dir='ltr' id='par_1_3' title="bbox 1007 782 1195 823">
     <span class='ocr_line' id='line_1_6' title="bbox 1007 782 1195 823; baseline 0.016 -3"><span class='ocrx_word' id='word_1_14' title='bbox 1007 782 1195 823; x_wconf 74' lang='lat' dir='ltr'><strong>Anus.</strong></span> 
     </span>
    </p>
   </div>
   <div class='ocr_carea' id='block_1_4' title="bbox 496 887 1841 1219">
    <p class='ocr_par' dir='ltr' id='par_1_4' title="bbox 496 887 1841 1219">
     <span class='ocr_line' id='line_1_7' title="bbox 496 887 1729 956; baseline -0.002 -14"><span class='ocrx_word' id='word_1_15' title='bbox 496 889 667 943; x_wconf 78' lang='lat' dir='ltr'><strong>Luols</strong></span> <span class='ocrx_word' id='word_1_16' title='bbox 692 888 894 942; x_wconf 84' lang='lat' dir='ltr'><strong>Auctor</strong></span> <span class='ocrx_word' id='word_1_17' title='bbox 918 887 1163 956; x_wconf 89' lang='lat' dir='ltr'><strong>clemens,</strong></span> <span class='ocrx_word' id='word_1_18' title='bbox 1187 888 1372 942; x_wconf 89' lang='lat' dir='ltr'><strong>lumen</strong></span> <span class='ocrx_word' id='word_1_19' title='bbox 1396 888 1729 954; x_wconf 88' lang='lat' dir='ltr'><strong>immensum,</strong></span> 
     </span>
     <span class='ocr_line' id='line_1_8' title="bbox 496 975 1559 1045; baseline -0.004 -15"><span class='ocrx_word' id='word_1_20' title='bbox 496 975 704 1030; x_wconf 82' lang='lat' dir='ltr'><strong>Lumen</strong></span> <span class='ocrx_word' id='word_1_21' title='bbox 729 978 882 1045; x_wconf 88' lang='lat' dir='ltr'><strong>cujus</strong></span> <span class='ocrx_word' id='word_1_22' title='bbox 906 975 1083 1045; x_wconf 79' lang='lat' dir='ltr'><strong>fulget</strong></span> <span class='ocrx_word' id='word_1_23' title='bbox 1106 981 1324 1028; x_wconf 84' lang='lat' dir='ltr'><strong>sanctus</strong></span> <span class='ocrx_word' id='word_1_24' title='bbox 1348 979 1559 1029; x_wconf 87' lang='lat' dir='ltr'><strong>eternus</strong></span> 
     </span>
     <span class='ocr_line' id='line_1_9' title="bbox 497 1061 1841 1131; baseline -0.002 -15"><span class='ocrx_word' id='word_1_25' title='bbox 497 1061 754 1128; x_wconf 86' lang='lat' dir='ltr'><strong>Christus,</strong></span> <span class='ocrx_word' id='word_1_26' title='bbox 780 1079 904 1115; x_wconf 90' lang='lat' dir='ltr'><strong>cum</strong></span> <span class='ocrx_word' id='word_1_27' title='bbox 928 1078 1036 1131; x_wconf 87' lang='lat' dir='ltr'><strong>quo</strong></span> <span class='ocrx_word' id='word_1_28' title='bbox 1058 1067 1250 1130; x_wconf 79' lang='lat' dir='ltr'><strong>regnat</strong></span> <span class='ocrx_word' id='word_1_29' title='bbox 1274 1079 1398 1116; x_wconf 91' lang='lat' dir='ltr'><strong>cum</strong></span> <span class='ocrx_word' id='word_1_30' title='bbox 1422 1061 1536 1130; x_wconf 91' lang='lat' dir='ltr'><strong>ipso</strong></span> <span class='ocrx_word' id='word_1_31' title='bbox 1559 1061 1618 1113; x_wconf 90' lang='lat' dir='ltr'><strong>in</strong></span> <span class='ocrx_word' id='word_1_32' title='bbox 1642 1077 1841 1125; x_wconf 63' lang='lat' dir='ltr'><strong>unum„</strong></span> 
     </span>
     <span class='ocr_line' id='line_1_10' title="bbox 499 1147 1503 1219; baseline -0.002 -17"><span class='ocrx_word' id='word_1_33' title='bbox 499 1147 571 1202; x_wconf 84' lang='lat' dir='ltr'><strong>Et</strong></span> <span class='ocrx_word' id='word_1_34' title='bbox 597 1148 826 1202; x_wconf 83' lang='lat' dir='ltr'><strong>Sanctus</strong></span> <span class='ocrx_word' id='word_1_35' title='bbox 851 1147 1098 1219; x_wconf 77' lang='lat' dir='ltr'><strong>Spiritus,</strong></span> <span class='ocrx_word' id='word_1_36' title='bbox 1122 1165 1233 1202; x_wconf 80' lang='lat' dir='ltr'><strong>una</strong></span> <span class='ocrx_word' id='word_1_37' title='bbox 1255 1153 1503 1218; x_wconf 77' lang='lat' dir='ltr'><strong>potestas.</strong></span> 
     </span>
    </p>
   </div>
   <div class='ocr_carea' id='block_1_5' title="bbox 498 1270 1671 1587">
    <p class='ocr_par' dir='ltr' id='par_1_5' title="bbox 498 1270 1671 1587">
     <span class='ocr_line' id='line_1_11' title="bbox 498 1270 1539 1341; baseline 0 -17"><span class='ocrx_word' id='word_1_38' title='bbox 498 1271 670 1325; x_wconf 79' lang='lat' dir='ltr'><strong>&#39;l&#39;etrae</strong></span> <span class='ocrx_word' id='word_1_39' title='bbox 694 1271 865 1326; x_wconf 88' lang='lat' dir='ltr'><strong>noctis</strong></span> <span class='ocrx_word' id='word_1_40' title='bbox 890 1271 1054 1338; x_wconf 86' lang='lat' dir='ltr'><strong>hujus</strong></span> <span class='ocrx_word' id='word_1_41' title='bbox 1078 1271 1362 1341; x_wconf 84' lang='lat' dir='ltr'><strong>caliginem</strong></span> <span class='ocrx_word' id='word_1_42' title='bbox 1385 1270 1539 1341; x_wconf 87' lang='lat' dir='ltr'><strong>pelle,</strong></span> 
     </span>
     <span class='ocr_line' id='line_1_12' title="bbox 501 1357 1671 1429; baseline 0 -17"><span class='ocrx_word' id='word_1_43' title='bbox 501 1357 876 1428; x_wconf 86' lang='lat' dir='ltr'><strong>Serpentisque</strong></span> <span class='ocrx_word' id='word_1_44' title='bbox 900 1359 1133 1426; x_wconf 69' lang='lat' dir='ltr'><strong>fraudee,</strong></span> <span class='ocrx_word' id='word_1_45' title='bbox 1159 1375 1478 1429; x_wconf 70' lang='lat' dir='ltr'><strong>quaesumus,</strong></span> <span class='ocrx_word' id='word_1_46' title='bbox 1503 1358 1637 1428; x_wconf 81' lang='lat' dir='ltr'><strong>fuga</strong></span> <span class='ocrx_word' id='word_1_47' title='bbox 1658 1375 1671 1412; x_wconf 72' lang='grc' dir='ltr'>ε</span> 
     </span>
     <span class='ocr_line' id='line_1_13' title="bbox 500 1445 1541 1514; baseline 0 -16"><span class='ocrx_word' id='word_1_48' title='bbox 500 1445 613 1499; x_wconf 82' lang='lat' dir='ltr'><strong>Nos</strong></span> <span class='ocrx_word' id='word_1_49' title='bbox 636 1451 866 1499; x_wconf 80' lang='lat' dir='ltr'><strong>armatos</strong></span> <span class='ocrx_word' id='word_1_50' title='bbox 890 1446 1062 1499; x_wconf 87' lang='lat' dir='ltr'><strong>crucis</strong></span> <span class='ocrx_word' id='word_1_51' title='bbox 1088 1445 1361 1514; x_wconf 84' lang='lat' dir='ltr'><strong>signaculo</strong></span> <span class='ocrx_word' id='word_1_52' title='bbox 1380 1445 1541 1508; x_wconf 78' lang='lat' dir='ltr'><strong>salva,</strong></span> 
     </span>
     <span class='ocr_line' id='line_1_14' title="bbox 503 1532 1371 1587; baseline -0.001 -1"><span class='ocrx_word' id='word_1_53' title='bbox 503 1532 845 1587; x_wconf 76' lang='lat' dir='ltr'><strong>Sacrosancto</strong></span> <span class='ocrx_word' id='word_1_54' title='bbox 870 1537 964 1585; x_wconf 89' lang='lat' dir='ltr'><strong>tuo</strong></span> <span class='ocrx_word' id='word_1_55' title='bbox 989 1532 1218 1587; x_wconf 87' lang='lat' dir='ltr'><strong>Nomine</strong></span> <span class='ocrx_word' id='word_1_56' title='bbox 1242 1532 1371 1585; x_wconf 80' lang='lat' dir='ltr'><strong>dita.</strong></span> 
     </span>
    </p>
   </div>
   <div class='ocr_carea' id='block_1_6' title="bbox 499 1652 1670 1983">
    <p class='ocr_par' dir='ltr' id='par_1_6' title="bbox 499 1652 1670 1983">
     <span class='ocr_line' id='line_1_15' title="bbox 506 1652 1521 1719; baseline -0.001 -13"><span class='ocrx_word' id='word_1_57' title='bbox 506 1653 668 1706; x_wconf 78' lang='lat' dir='ltr'><strong>Pater</strong></span> <span class='ocrx_word' id='word_1_58' title='bbox 690 1652 1021 1718; x_wconf 72' lang='lat' dir='ltr'><strong>immortalia,</strong></span> <span class='ocrx_word' id='word_1_59' title='bbox 1050 1653 1289 1706; x_wconf 88' lang='lat' dir='ltr'><strong>omnium</strong></span> <span class='ocrx_word' id='word_1_60' title='bbox 1314 1652 1521 1719; x_wconf 81' lang='lat' dir='ltr'><strong>Pastor,</strong></span> 
     </span>
     <span class='ocr_line' id='line_1_16' title="bbox 505 1738 1642 1811; baseline -0.002 -19"><span class='ocrx_word' id='word_1_61' title='bbox 505 1738 844 1794; x_wconf 82' lang='lat' dir='ltr'><strong>Invidentem</strong></span> <span class='ocrx_word' id='word_1_62' title='bbox 867 1739 1075 1794; x_wconf 81' lang='lat' dir='ltr'><strong>hostem</strong></span> <span class='ocrx_word' id='word_1_63' title='bbox 1098 1740 1287 1811; x_wconf 84' lang='lat' dir='ltr'><strong>frange</strong></span> <span class='ocrx_word' id='word_1_64' title='bbox 1310 1740 1642 1792; x_wconf 83' lang='lat' dir='ltr'><strong>fuscantem:</strong></span> 
     </span>
     <span class='ocr_line' id='line_1_17' title="bbox 501 1825 1670 1896; baseline -0.003 -16"><span class='ocrx_word' id='word_1_65' title='bbox 501 1826 709 1880; x_wconf 87' lang='lat' dir='ltr'><strong>Lumen</strong></span> <span class='ocrx_word' id='word_1_66' title='bbox 731 1825 882 1880; x_wconf 89' lang='lat' dir='ltr'><strong>nobis</strong></span> <span class='ocrx_word' id='word_1_67' title='bbox 906 1826 1083 1895; x_wconf 85' lang='lat' dir='ltr'><strong>praebe</strong></span> <span class='ocrx_word' id='word_1_68' title='bbox 1106 1843 1335 1896; x_wconf 87' lang='lat' dir='ltr'><strong>perenne</strong></span> <span class='ocrx_word' id='word_1_69' title='bbox 1360 1826 1428 1878; x_wconf 89' lang='lat' dir='ltr'><strong>de</strong></span> <span class='ocrx_word' id='word_1_70' title='bbox 1452 1829 1635 1878; x_wconf 79' lang='lat' dir='ltr'><strong>sancto</strong></span> <span class='ocrx_word' id='word_1_71' title='bbox 1659 1843 1670 1877; x_wconf 87' lang='lat'>:</span> 
     </span>
     <span class='ocr_line' id='line_1_18' title="bbox 499 1912 1411 1983; baseline -0.003 -16"><span class='ocrx_word' id='word_1_72' title='bbox 499 1912 792 1967; x_wconf 74' lang='lat' dir='ltr'><strong>Tenebroso</strong></span> <span class='ocrx_word' id='word_1_73' title='bbox 815 1913 950 1967; x_wconf 85' lang='lat' dir='ltr'><strong>calle</strong></span> <span class='ocrx_word' id='word_1_74' title='bbox 974 1931 1083 1966; x_wconf 93' lang='lat' dir='ltr'><strong>non</strong></span> <span class='ocrx_word' id='word_1_75' title='bbox 1108 1930 1411 1983; x_wconf 65' lang='lat' dir='ltr'><strong>paveamus</strong></span> 
     </span>
    </p>
   </div>
   <div class='ocr_carea' id='block_1_7' title="bbox 503 2051 1687 2368">
    <p class='ocr_par' dir='ltr' id='par_1_7' title="bbox 503 2051 1687 2368">
     <span class='ocr_line' id='line_1_19' title="bbox 505 2051 1583 2122; baseline -0.005 -15"><span class='ocrx_word' id='word_1_76' title='bbox 505 2053 827 2122; x_wconf 82' lang='lat' dir='ltr'><strong>Redemptor</strong></span> <span class='ocrx_word' id='word_1_77' title='bbox 850 2057 1045 2106; x_wconf 83' lang='lat' dir='ltr'><strong>eternae</strong></span> <span class='ocrx_word' id='word_1_78' title='bbox 1072 2051 1191 2104; x_wconf 84' lang='lat' dir='ltr'><strong>Rex</strong></span> <span class='ocrx_word' id='word_1_79' title='bbox 1214 2051 1385 2104; x_wconf 88' lang='lat' dir='ltr'><strong>omnis</strong></span> <span class='ocrx_word' id='word_1_80' title='bbox 1410 2054 1583 2118; x_wconf 77' lang='lat' dir='ltr'><strong>terres,</strong></span> 
     </span>
     <span class='ocr_line' id='line_1_20' title="bbox 503 2137 1519 2209; baseline -0.004 -16"><span class='ocrx_word' id='word_1_81' title='bbox 503 2140 835 2193; x_wconf 88' lang='lat' dir='ltr'><strong>Dilectorum</strong></span> <span class='ocrx_word' id='word_1_82' title='bbox 857 2139 980 2209; x_wconf 83' lang='lat' dir='ltr'><strong>pius</strong></span> <span class='ocrx_word' id='word_1_83' title='bbox 1005 2138 1239 2207; x_wconf 82' lang='lat' dir='ltr'><strong>gemitus</strong></span> <span class='ocrx_word' id='word_1_84' title='bbox 1264 2137 1484 2191; x_wconf 80' lang='lat' dir='ltr'><strong>attende</strong></span> <span class='ocrx_word' id='word_1_85' title='bbox 1505 2155 1519 2202; x_wconf 92' lang='lat'>;</span> 
     </span>
     <span class='ocr_line' id='line_1_21' title="bbox 507 2224 1687 2293; baseline -0.002 -13"><span class='ocrx_word' id='word_1_86' title='bbox 507 2225 856 2280; x_wconf 82' lang='lat' dir='ltr'><strong>Insidiantem</strong></span> <span class='ocrx_word' id='word_1_87' title='bbox 881 2225 1087 2279; x_wconf 88' lang='lat' dir='ltr'><strong>hostem</strong></span> <span class='ocrx_word' id='word_1_88' title='bbox 1112 2224 1385 2293; x_wconf 86' lang='lat' dir='ltr'><strong>confringe</strong></span> <span class='ocrx_word' id='word_1_89' title='bbox 1410 2224 1653 2278; x_wconf 78' lang='lat' dir='ltr'><strong>Salvator</strong></span> <span class='ocrx_word' id='word_1_90' title='bbox 1674 2247 1687 2278; x_wconf 72' lang='grc' dir='ltr'>ι</span> 
     </span>
     <span class='ocr_line' id='line_1_22' title="bbox 505 2311 1385 2368; baseline -0.005 0"><span class='ocrx_word' id='word_1_91' title='bbox 505 2314 615 2368; x_wconf 83' lang='lat' dir='ltr'><strong>Nos</strong></span> <span class='ocrx_word' id='word_1_92' title='bbox 638 2319 830 2368; x_wconf 79' lang='lat' dir='ltr'><strong>eternae</strong></span> <span class='ocrx_word' id='word_1_93' title='bbox 855 2311 981 2366; x_wconf 84' lang='lat' dir='ltr'><strong>vitae</strong></span> <span class='ocrx_word' id='word_1_94' title='bbox 1002 2312 1164 2366; x_wconf 87' lang='lat' dir='ltr'><strong>redde</strong></span> <span class='ocrx_word' id='word_1_95' title='bbox 1188 2311 1385 2366; x_wconf 80' lang='lat' dir='ltr'><strong>beatos.</strong></span> 
     </span>
    </p>
   </div>
   <div class='ocr_carea' id='block_1_8' title="bbox 504 2445 1683 2774">
    <p class='ocr_par' dir='ltr' id='par_1_8' title="bbox 504 2445 1683 2774">
     <span class='ocr_line' id='line_1_23' title="bbox 504 2445 1551 2516; baseline -0.002 -14"><span class='ocrx_word' id='word_1_96' title='bbox 504 2448 730 2502; x_wconf 82' lang='lat' dir='ltr'><strong>Noctem</strong></span> <span class='ocrx_word' id='word_1_97' title='bbox 753 2445 905 2500; x_wconf 89' lang='lat' dir='ltr'><strong>nobis</strong></span> <span class='ocrx_word' id='word_1_98' title='bbox 928 2446 1091 2499; x_wconf 82' lang='lat' dir='ltr'><strong>istam</strong></span> <span class='ocrx_word' id='word_1_99' title='bbox 1116 2446 1255 2500; x_wconf 85' lang='lat' dir='ltr'><strong>dona</strong></span> <span class='ocrx_word' id='word_1_100' title='bbox 1278 2447 1551 2516; x_wconf 81' lang='lat' dir='ltr'><strong>quietam:</strong></span> 
     </span>
     <span class='ocr_line' id='line_1_24' title="bbox 506 2531 1577 2602; baseline 0 -16"><span class='ocrx_word' id='word_1_101' title='bbox 506 2533 859 2588; x_wconf 83' lang='lat' dir='ltr'><strong>Insidiantem</strong></span> <span class='ocrx_word' id='word_1_102' title='bbox 883 2531 1090 2586; x_wconf 86' lang='lat' dir='ltr'><strong>hostem</strong></span> <span class='ocrx_word' id='word_1_103' title='bbox 1114 2532 1311 2602; x_wconf 88' lang='lat' dir='ltr'><strong>repelle</strong></span> <span class='ocrx_word' id='word_1_104' title='bbox 1334 2551 1367 2587; x_wconf 82' lang='lat' dir='ltr'><strong>a</strong></span> <span class='ocrx_word' id='word_1_105' title='bbox 1390 2533 1541 2587; x_wconf 89' lang='lat' dir='ltr'><strong>nobis</strong></span> <span class='ocrx_word' id='word_1_106' title='bbox 1565 2551 1577 2586; x_wconf 75' lang='grc' dir='ltr'>ε</span> 
     </span>
     <span class='ocr_line' id='line_1_25' title="bbox 508 2619 1661 2687; baseline 0 -14"><span class='ocrx_word' id='word_1_107' title='bbox 508 2619 689 2674; x_wconf 83' lang='lat' dir='ltr'><strong>Crucis</strong></span> <span class='ocrx_word' id='word_1_108' title='bbox 715 2619 929 2687; x_wconf 86' lang='lat' dir='ltr'><strong>signum</strong></span> <span class='ocrx_word' id='word_1_109' title='bbox 952 2619 1135 2672; x_wconf 83' lang='lat' dir='ltr'><strong>vincat</strong></span> <span class='ocrx_word' id='word_1_110' title='bbox 1159 2637 1315 2673; x_wconf 92' lang='lat' dir='ltr'><strong>omne</strong></span> <span class='ocrx_word' id='word_1_111' title='bbox 1338 2619 1620 2673; x_wconf 87' lang='lat' dir='ltr'><strong>inimicum</strong></span> <span class='ocrx_word' id='word_1_112' title='bbox 1650 2639 1661 2674; x_wconf 91' lang='lat'>:</span> 
     </span>
     <span class='ocr_line' id='line_1_26' title="bbox 507 2705 1683 2774; baseline 0.002 -16"><span class='ocrx_word' id='word_1_113' title='bbox 507 2705 596 2772; x_wconf 76' lang='lat' dir='ltr'><strong>Te,</strong></span> <span class='ocrx_word' id='word_1_114' title='bbox 622 2705 850 2772; x_wconf 81' lang='lat' dir='ltr'><strong>Christe,</strong></span> <span class='ocrx_word' id='word_1_115' title='bbox 875 2722 1365 2774; x_wconf 82' lang='lat' dir='ltr'><strong>rogamus,—mane</strong></span> <span class='ocrx_word' id='word_1_116' title='bbox 1390 2705 1683 2760; x_wconf 89' lang='lat' dir='ltr'><strong>nobiscum.</strong></span> 
     </span>
    </p>
   </div>
   <div class='ocr_carea' id='block_1_9' title="bbox 515 2821 1623 2871">
    <p class='ocr_par' dir='ltr' id='par_1_9' title="bbox 515 2821 1623 2871">
     <span class='ocr_line' id='line_1_27' title="bbox 515 2821 1623 2871; baseline 0.004 -9"><span class='ocrx_word' id='word_1_117' title='bbox 515 2825 534 2848; x_wconf 79' lang='lat'>⁸</span> <span class='ocrx_word' id='word_1_118' title='bbox 555 2821 664 2862; x_wconf 83' lang='lat' dir='ltr'><strong>Vide</strong></span> <span class='ocrx_word' id='word_1_119' title='bbox 683 2832 775 2870; x_wconf 67' lang='lat' dir='ltr'><strong>qun</strong></span> <span class='ocrx_word' id='word_1_120' title='bbox 791 2821 848 2862; x_wconf 80' lang='lat' dir='ltr'><strong>ad</strong></span> <span class='ocrx_word' id='word_1_121' title='bbox 863 2833 904 2871; x_wconf 86' lang='lat' dir='ltr'><strong>p.</strong></span> <span class='ocrx_word' id='word_1_122' title='bbox 924 2821 958 2864; x_wconf 76' lang='lat'><strong>⁷.</strong></span> <span class='ocrx_word' id='word_1_123' title='bbox 981 2823 1034 2863; x_wconf 84' lang='lat' dir='ltr'><strong>de</strong></span> <span class='ocrx_word' id='word_1_124' title='bbox 1052 2834 1151 2864; x_wconf 77' lang='lat' dir='ltr'><strong>casu</strong></span> <span class='ocrx_word' id='word_1_125' title='bbox 1166 2824 1352 2867; x_wconf 76' lang='lat' dir='ltr'><strong>ablativo</strong></span> <span class='ocrx_word' id='word_1_126' title='bbox 1368 2827 1623 2867; x_wconf 76' lang='lat' dir='ltr'><strong>notavimus.</strong></span> 
     </span>
    </p>
   </div>
  </div>
 </body>
</html>
