2025 3292
399 297 503 349 184
1082 307 1282 347 mmm

534 412 806 484 Originale
828 412 1031 468 crimen
1055 429 1250 466 necans
1273 412 1334 466 in
1359 411 1540 476 Cruce,
1943 383 1952 634 ⁴

532 501 643 555 Nos
658 503 776 571 jam
799 517 833 554 a.
854 499 1031 571 pravis
1054 499 1272 564 munda,
1300 497 1524 565 Christe,
1545 497 1804 567 maculis,

535 586 951 641 Humanitatem
974 585 1258 639 miseratus
1280 585 1543 654 fragilem,

533 673 637 728 Per
661 673 882 727 Crucem
906 677 1148 726 sanctam
1170 671 1334 742 lapsis
1357 671 1498 726 dona
1521 671 1758 726 veniam.
1949 667 1952 792 y

532 817 772 886 Protege‚
801 816 963 884 salva,
986 814 1225 880 benedic,
1253 813 1543 879 sanctifica,

532 903 802 973 Populum
826 907 1084 956 cunctum
1107 900 1294 956 Crucis
1315 919 1410 971 per
1435 901 1784 970 signaculum
1811 921 1831 967 3

532 989 745 1044 Morbos
767 995 947 1044 averte
970 989 1200 1059 corporis
1223 993 1279 1041 et
1302 988 1526 1042 animae:

532 1077 651 1131 Hoc
675 1082 858 1131 contra
882 1077 1098 1146 signum
1120 1075 1334 1128 nullum
1352 1079 1458 1129 stet
1479 1075 1806 1144 periculum.

532 1219 618 1275 Sit
640 1221 753 1274 Deo
779 1220 931 1275 Patri
954 1221 1072 1275 laus
1095 1221 1155 1274 in
1179 1219 1345 1274 Gruce
1369 1219 1499 1274 Filii
1525 1238 1542 1286 ;

534 1307 619 1361 Sit
642 1307 882 1377 coequali
905 1308 1024 1361 laus
1049 1306 1242 1362 Sancto
1268 1306 1493 1377 Spiritui
1511 1325 1527 1358 z

534 1393 750 1448 Civibus
774 1395 996 1448 summis
1017 1394 1277 1463 gaudium
1300 1394 1372 1447 sit
1395 1391 1617 1462 Angelis
1639 1413 1653 1448 :

532 1480 721 1535 Honor
746 1481 817 1534 sit
840 1481 1040 1535 mundo
1065 1481 1245 1535 Crucis
1268 1480 1555 1536 veneratio.

1059 1617 1232 1672 XIX.

920 1735 1022 1790 AD
1060 1736 1358 1794 LAUDES.

674 1855 897 1911 Smntm
924 1856 1106 1910 Crucis
1128 1855 1375 1912 mirabile

671 1943 814 1998 Olim
835 1961 931 2014 per
954 1943 1132 1997 orbem
1159 1945 1444 2013 praenitet:

673 2028 742 2083 In
766 2029 874 2099 qua
896 2029 1155 2099 pependit
1171 2031 1427 2085 innocens

672 2117 915 2171 Christus
940 2116 1266 2186 Redemptor
1289 2117 1550 2172 omnium.

671 2235 809 2290 Haec
832 2235 988 2290 arbor
1010 2240 1092 2290 est
1116 2235 1391 2290 sublimior

676 2320 863 2377 Cedris
888 2339 1020 2392 quas
1043 2321 1207 2376 habet
1231 2321 1468 2376 Libanus
1493 2340 1509 2376 ε

672 2409 803 2474 Quae
827 2426 987 2478 poma.
1009 2409 1182 2462 nescit
1205 2410 1385 2476 noxia,

671 2495 777 2550 Sed
801 2495 939 2550 ferre
962 2494 1108 2549 Vitae
1131 2496 1367 2566 praemia.

669 2616 754 2670 'l'u
778 2615 1001 2683 Christe,
1027 2614 1145 2669 Rex
1168 2616 1420 2685 piissime,

674 2704 855 2772 Hujus
880 2702 1061 2756 Crucis
1086 2703 1360 2771 signaculo

671 2787 851 2851 Horis,
873 2788 1156 2842 momentis
1179 2788 1442 2854 omnibus,

672 2872 889 2928 Munire
912 2889 1007 2928 nos
1031 2891 1140 2928 non
1163 2875 1354 2929 abnue.
