2025 3292
854 315 1172 357 nanno.
1598 305 1675 359 vii

295 422 571 479 Breviario
605 420 926 476 Arevaliano
965 422 1342 493 decerpuntur.
1416 424 1673 478 Arevalus

297 508 443 562 enim
477 506 686 577 primus
728 505 927 559 multos
963 524 992 560 e
1032 505 1184 561 MSS.
1210 507 1367 575 eruit,
1406 507 1499 577 qui
1536 506 1673 561 Tho-

295 594 456 648 masii
480 593 781 662 effugerant
805 592 999 647 oculos.
1050 593 1423 664 Hymnologioe
1452 593 1671 649 Daniel-

294 683 450 748 lanae,
475 685 540 734 ut
571 681 802 745 videtur,
831 697 964 751 opus
989 679 1386 748 Arevalianum,
1410 681 1555 751 quod
1588 687 1669 736 cst

295 767 440 819 inter
473 763 691 832 rariora,
720 780 1000 833 nunquam
1034 763 1227 834 patuit.
1302 763 1492 818 Editor
1526 764 1671 819 enim

293 868 404 905 non
427 850 535 903 nisi
559 867 646 904 eos
672 849 836 914 dedit,
866 865 984 920 quae
1022 855 1182 904 antea
1217 850 1508 906 excudent
1531 850 1669 906 ’Πιο-

295 939 515 994 masius.
1638 923 1645 932 ⁶

367 1025 597 1080 Notulas
644 1024 902 1094 quasdam
950 1024 1041 1080 hic
1081 1023 1195 1078 illic
1232 1023 1449 1078 addidi:
1495 1041 1671 1079 emen-

296 1114 644 1182 dationesque
679 1116 898 1177 nostras,
941 1112 986 1164 si
1027 1128 1145 1181 quoe
1185 1111 1491 1166 necessariae
1524 1111 1669 1166 vide-

294 1199 512 1264 bantur,
554 1199 838 1268 diligenter
884 1199 1085 1253 notavi.
1156 1197 1499 1269 Excipiendae
1542 1204 1669 1253 sunt

296 1288 638 1358 Hymnorum
664 1284 1122 1340 Mozarabicorum
1154 1286 1530 1340 correctiones:
1552 1302 1672 1356 quae

297 1379 412 1428 tam
443 1372 646 1437 multae,
670 1377 726 1425 et
749 1371 1063 1443 plerumque
1099 1378 1213 1426 tam
1247 1377 1419 1441 certae,
1449 1372 1667 1427 exstite-

291 1464 438 1526 runt,
458 1465 524 1514 ut
542 1459 720 1514 oculos
738 1465 1081 1530 mentemque
1104 1459 1315 1514 lectoris
1335 1459 1394 1513 in
1418 1459 1665 1513 omnibus

295 1546 628 1602 recensendis
651 1547 870 1618 fatigari
893 1546 1110 1600 nollem.

371 1635 528 1704 Sunt,
538 1635 724 1702 fateor,
742 1635 802 1687 in
819 1633 999 1688 libello
1018 1639 1201 1688 nostro
1218 1632 1393 1703 verba,
1405 1638 1532 1688 sunt
1551 1651 1665 1688 sen-

294 1723 498 1790 tentioe,
516 1739 648 1791 quas
665 1721 822 1776 aliter
837 1738 872 1775 a
890 1720 1231 1793 scriptoribus
1249 1721 1485 1793 prolatas
1502 1721 1666 1777 fuisse

292 1809 472 1864 velim.
544 1808 649 1862 Eas
675 1814 856 1863 tamen
880 1808 1086 1878 reliqui,
1116 1809 1209 1878 qui
1244 1808 1473 1862 censoris
1498 1807 1664 1862 'Pheo-

297 1894 458 1964 logici
493 1899 674 1964 partes
697 1894 918 1948 minime
949 1894 1009 1947 in
1033 1911 1119 1948 me
1155 1895 1421 1964 suscipere
1456 1893 1661 1948 vellem.

297 1980 411 2034 Nec
435 1980 556 2033 ideo
583 1997 616 2032 a.
639 1997 727 2034 me
751 1980 965 2050 singula
989 1979 1150 2035 verba
1174 1981 1339 2034 fuisse
1368 1979 1664 2051 approbata.

295 2067 425 2138 quia
450 2067 687 2136 singulos
714 2069 958 2138 Hymnos
985 2067 1189 2138 publici
1207 2069 1377 2123 factos
1396 2085 1507 2122 esse
1523 2068 1663 2138 juris

297 2154 452 2220 vidit,
483 2154 664 2209 credat
688 2155 893 2209 Lector.

370 2240 525 2306 Quod
549 2241 594 2294 si
626 2242 940 2311 opusculum
964 2247 1206 2296 nostrum
1243 2258 1351 2295 non
1389 2241 1663 2310 ingratum

297 2323 379 2389 iis,
404 2323 600 2393 quibus
625 2324 737 2378 haec
761 2324 975 2394 placent
1001 2324 1197 2390 studia,
1224 2325 1389 2380 fuisse
1410 2323 1663 2378 intellex-

296 2411 448 2477 erim,
473 2409 706 2481 prodibit
750 2412 928 2466 forsan
963 2429 1087 2482 pars
1114 2411 1359 2477 secunda,
1386 2429 1417 2466 e
1440 2409 1661 2462 Brevia-

295 2498 392 2552 riis
431 2497 683 2566 Suecicis‚
712 2498 929 2566 Italicis,
966 2498 1201 2568 Danicis,
1226 2493 1662 2561 Slesvicensibus,

299 2584 589 2650 Folonicis,
616 2585 714 2640 διο.
740 2585 1036 2657 desumpta.

355 2715 546 2762 Dabam
567 2729 591 2761 e
617 2715 816 2776 collegio
838 2717 1157 2773 Sackm'llensi,

317 2809 364 2839 a.
401 2793 448 2839 d.
489 2789 560 2850 iij,
595 2791 713 2841 Non.
748 2793 859 2840 Feb.
895 2793 1211 2840 MDCCCLI.
