<?xml version="1.0" encoding="UTF-8"?>
<!DOCTYPE html PUBLIC "-//W3C//DTD XHTML 1.0 Transitional//EN"
    "http://www.w3.org/TR/xhtml1/DTD/xhtml1-transitional.dtd">
<html xmlns="http://www.w3.org/1999/xhtml" xml:lang="en" lang="en">
 <head>
  <title>
</title>
<meta http-equiv="Content-Type" content="text/html;charset=utf-8" />
  <meta name='ocr-system' content='tesseract 3.04.00' />
  <meta name='ocr-capabilities' content='ocr_page ocr_carea ocr_par ocr_line ocrx_word'/>
</head>
<body>
  <div class='ocr_page' id='page_1' title='image "./hymniecclesiaee00nealgoog_0260.png"; bbox 0 0 2025 3292; ppageno 0'>
   <div class='ocr_carea' id='block_1_1' title="bbox 493 289 1335 342">
    <p class='ocr_par' dir='ltr' id='par_1_1' title="bbox 493 289 1335 342">
     <span class='ocr_line' id='line_1_1' title="bbox 493 289 1335 342; baseline -0.004 0"><span class='ocrx_word' id='word_1_1' title='bbox 493 289 599 342; x_wconf 79' lang='lat'>244</span> <span class='ocrx_word' id='word_1_2' title='bbox 1155 297 1335 340; x_wconf 62' lang='lat' dir='ltr'>norm.</span> 
     </span>
    </p>
   </div>
   <div class='ocr_carea' id='block_1_2' title="bbox 495 421 2016 892">
    <p class='ocr_par' dir='ltr' id='par_1_2' title="bbox 556 421 2016 635">
     <span class='ocr_line' id='line_1_2' title="bbox 556 421 2014 486; baseline -0.003 -15"><span class='ocrx_word' id='word_1_3' title='bbox 556 423 800 486; x_wconf 83' lang='lat' dir='ltr'><strong>hymnum</strong></span> <span class='ocrx_word' id='word_1_4' title='bbox 842 422 976 470; x_wconf 88' lang='lat' dir='ltr'>hunc</span> <span class='ocrx_word' id='word_1_5' title='bbox 1017 427 1130 470; x_wconf 77' lang='lat' dir='ltr'>ante</span> <span class='ocrx_word' id='word_1_6' title='bbox 1178 421 1307 470; x_wconf 68' lang='lat' dir='ltr'>AD.</span> <span class='ocrx_word' id='word_1_7' title='bbox 1349 434 1496 468; x_wconf 81' lang='lat' dir='ltr'>nccc.</span> <span class='ocrx_word' id='word_1_8' title='bbox 1541 421 1795 483; x_wconf 71' lang='lat' dir='ltr'>scriptum</span> <span class='ocrx_word' id='word_1_9' title='bbox 1838 421 2014 468; x_wconf 80' lang='lat' dir='ltr'>fuisse:</span> 
     </span>
     <span class='ocr_line' id='line_1_3' title="bbox 560 503 2016 569; baseline -0.003 -16"><span class='ocrx_word' id='word_1_10' title='bbox 560 505 741 569; x_wconf 83' lang='lat' dir='ltr'>quippe</span> <span class='ocrx_word' id='word_1_11' title='bbox 776 505 862 568; x_wconf 83' lang='lat' dir='ltr'>qui</span> <span class='ocrx_word' id='word_1_12' title='bbox 898 504 1112 566; x_wconf 78' lang='lat' dir='ltr'><strong>Spiritus</strong></span> <span class='ocrx_word' id='word_1_13' title='bbox 1151 505 1200 552; x_wconf 90' lang='lat' dir='ltr'>S.</span> <span class='ocrx_word' id='word_1_14' title='bbox 1237 520 1268 551; x_wconf 77' lang='lat' dir='ltr'>a.</span> <span class='ocrx_word' id='word_1_15' title='bbox 1309 504 1411 552; x_wconf 77' lang='lat' dir='ltr'>solo</span> <span class='ocrx_word' id='word_1_16' title='bbox 1450 503 1599 551; x_wconf 76' lang='lat' dir='ltr'>Patre</span> <span class='ocrx_word' id='word_1_17' title='bbox 1641 504 2016 552; x_wconf 74' lang='lat' dir='ltr'>processionem</span> 
     </span>
     <span class='ocr_line' id='line_1_4' title="bbox 560 584 1211 635; baseline -0.005 0"><span class='ocrx_word' id='word_1_18' title='bbox 560 595 662 635; x_wconf 83' lang='lat' dir='ltr'>tarn</span> <span class='ocrx_word' id='word_1_19' title='bbox 685 585 965 634; x_wconf 84' lang='lat' dir='ltr'>luculenter</span> <span class='ocrx_word' id='word_1_20' title='bbox 986 584 1211 633; x_wconf 81' lang='lat' dir='ltr'>declaret.</span> 
     </span>
    </p>

    <p class='ocr_par' dir='ltr' id='par_1_3' title="bbox 496 665 2013 798">
     <span class='ocr_line' id='line_1_5' title="bbox 496 665 2013 728; baseline -0.004 -12"><span class='ocrx_word' id='word_1_21' title='bbox 496 667 550 717; x_wconf 90' lang='lat' dir='ltr'>P.</span> <span class='ocrx_word' id='word_1_22' title='bbox 575 669 653 716; x_wconf 81' lang='lat'>84.</span> <span class='ocrx_word' id='word_1_23' title='bbox 675 666 708 714; x_wconf 91' lang='lat' dir='ltr'>l.</span> <span class='ocrx_word' id='word_1_24' title='bbox 742 666 786 718; x_wconf 82' lang='lat'>7.</span> <span class='ocrx_word' id='word_1_25' title='bbox 824 666 904 714; x_wconf 72' lang='lat' dir='ltr'>Ita</span> <span class='ocrx_word' id='word_1_26' title='bbox 933 666 1047 714; x_wconf 88' lang='lat' dir='ltr'>dedi</span> <span class='ocrx_word' id='word_1_27' title='bbox 1077 681 1192 714; x_wconf 89' lang='lat' dir='ltr'>cum</span> <span class='ocrx_word' id='word_1_28' title='bbox 1215 665 1496 723; x_wconf 79' lang='lat' dir='ltr'>Thomasio,</span> <span class='ocrx_word' id='word_1_29' title='bbox 1521 680 1607 727; x_wconf 90' lang='lat' dir='ltr'>pro</span> <span class='ocrx_word' id='word_1_30' title='bbox 1629 667 1845 728; x_wconf 55' lang='lat' dir='ltr'>vulgat&amp;</span> <span class='ocrx_word' id='word_1_31' title='bbox 1879 667 2013 713; x_wconf 79' lang='lat' dir='ltr'>Brev.</span> 
     </span>
     <span class='ocr_line' id='line_1_6' title="bbox 562 747 1813 798; baseline -0.001 1"><span class='ocrx_word' id='word_1_32' title='bbox 562 749 809 798; x_wconf 73' lang='lat' dir='ltr'>Mozarab.</span> <span class='ocrx_word' id='word_1_33' title='bbox 832 747 1070 797; x_wconf 88' lang='lat' dir='ltr'>lectione:</span> <span class='ocrx_word' id='word_1_34' title='bbox 1115 750 1219 798; x_wconf 74' lang='lat' dir='ltr'>Tibi</span> <span class='ocrx_word' id='word_1_35' title='bbox 1240 751 1384 796; x_wconf 79' lang='lat' dir='ltr'>altum</span> <span class='ocrx_word' id='word_1_36' title='bbox 1403 750 1530 796; x_wconf 74' lang='lat' dir='ltr'>vides</span> <span class='ocrx_word' id='word_1_37' title='bbox 1561 749 1813 798; x_wconf 76' lang='lat' dir='ltr'>Thrmmm.</span> 
     </span>
    </p>

    <p class='ocr_par' dir='ltr' id='par_1_4' title="bbox 495 828 2007 892">
     <span class='ocr_line' id='line_1_7' title="bbox 495 828 2007 892; baseline -0.003 -12"><span class='ocrx_word' id='word_1_38' title='bbox 495 857 561 868; x_wconf 92' lang='lat'>--</span> <span class='ocrx_word' id='word_1_39' title='bbox 581 833 659 880; x_wconf 75' lang='lat'>40.</span> <span class='ocrx_word' id='word_1_40' title='bbox 684 831 716 879; x_wconf 92' lang='lat'>1.</span> <span class='ocrx_word' id='word_1_41' title='bbox 747 832 818 880; x_wconf 90' lang='lat' dir='ltr'>ll.</span> <span class='ocrx_word' id='word_1_42' title='bbox 858 829 937 878; x_wconf 77' lang='lat' dir='ltr'>Ita</span> <span class='ocrx_word' id='word_1_43' title='bbox 966 845 993 878; x_wconf 86' lang='lat' dir='ltr'>e</span> <span class='ocrx_word' id='word_1_44' title='bbox 1020 830 1300 892; x_wconf 59' lang='lat' dir='ltr'>conjectura</span> <span class='ocrx_word' id='word_1_45' title='bbox 1330 828 1455 876; x_wconf 87' lang='lat' dir='ltr'>dedi.</span> <span class='ocrx_word' id='word_1_46' title='bbox 1509 828 1718 877; x_wconf 76' lang='lat' dir='ltr'>Excidit</span> <span class='ocrx_word' id='word_1_47' title='bbox 1751 830 1890 879; x_wconf 87' lang='lat' dir='ltr'>enim</span> <span class='ocrx_word' id='word_1_48' title='bbox 1915 846 2007 878; x_wconf 88' lang='lat' dir='ltr'>ver-</span> 
     </span>
    </p>
   </div>
   <div class='ocr_carea' id='block_1_3' title="bbox 496 928 1356 1050">
    <p class='ocr_par' dir='ltr' id='par_1_5' title="bbox 496 928 1356 1050">
     <span class='ocr_line' id='line_1_8' title="bbox 496 928 1356 1050; baseline -0.001 -14"><span class='ocrx_word' id='word_1_49' title='bbox 496 928 701 1040; x_wconf 42' lang='lat' dir='ltr'>...BXTL</span> <span class='ocrx_word' id='word_1_50' title='bbox 730 991 803 1038; x_wconf 87' lang='grc'>16.</span> <span class='ocrx_word' id='word_1_51' title='bbox 840 990 1034 1044; x_wconf 85' lang='lat' dir='ltr'><strong>Thom.,</strong></span> <span class='ocrx_word' id='word_1_52' title='bbox 1056 991 1124 1036; x_wconf 79' lang='lat' dir='ltr'>Et</span> <span class='ocrx_word' id='word_1_53' title='bbox 1146 991 1356 1050; x_wconf 79' lang='lat' dir='ltr'>repellat.</span> 
     </span>
    </p>
   </div>
   <div class='ocr_carea' id='block_1_4' title="bbox 496 1068 2018 2941">
    <p class='ocr_par' dir='ltr' id='par_1_6' title="bbox 496 1068 2017 1297">
     <span class='ocr_line' id='line_1_9' title="bbox 496 1068 2017 1134; baseline 0 -18"><span class='ocrx_word' id='word_1_54' title='bbox 496 1103 561 1116; x_wconf 88' lang='lat'>...</span> <span class='ocrx_word' id='word_1_55' title='bbox 582 1073 660 1122; x_wconf 84' lang='lat'>46.</span> <span class='ocrx_word' id='word_1_56' title='bbox 698 1075 904 1133; x_wconf 77' lang='lat' dir='ltr'>Superba</span> <span class='ocrx_word' id='word_1_57' title='bbox 932 1087 1048 1134; x_wconf 71' lang='lat' dir='ltr'>gens</span> <span class='ocrx_word' id='word_1_58' title='bbox 1081 1073 1356 1117; x_wconf 81' lang='lat' dir='ltr'><em>mortalium.</em></span> <span class='ocrx_word' id='word_1_59' title='bbox 1426 1069 1496 1116; x_wconf 90' lang='lat' dir='ltr'>Et</span> <span class='ocrx_word' id='word_1_60' title='bbox 1526 1068 1610 1116; x_wconf 88' lang='lat' dir='ltr'>hic</span> <span class='ocrx_word' id='word_1_61' title='bbox 1644 1068 1874 1131; x_wconf 86' lang='lat' dir='ltr'><strong>hymnus</strong></span> <span class='ocrx_word' id='word_1_62' title='bbox 1897 1069 2017 1116; x_wconf 84' lang='lat' dir='ltr'>inter</span> 
     </span>
     <span class='ocr_line' id='line_1_10' title="bbox 563 1149 2010 1214; baseline -0.004 -13"><span class='ocrx_word' id='word_1_63' title='bbox 563 1168 643 1202; x_wconf 73' lang='lat' dir='ltr'>eoo</span> <span class='ocrx_word' id='word_1_64' title='bbox 686 1160 759 1200; x_wconf 79' lang='lat' dir='ltr'>est</span> <span class='ocrx_word' id='word_1_65' title='bbox 802 1151 902 1214; x_wconf 83' lang='lat' dir='ltr'>qui,</span> <span class='ocrx_word' id='word_1_66' title='bbox 936 1151 1190 1214; x_wconf 84' lang='lat' dir='ltr'>judicibus</span> <span class='ocrx_word' id='word_1_67' title='bbox 1230 1149 1567 1213; x_wconf 79' lang='lat' dir='ltr'>iniquioribuS,</span> <span class='ocrx_word' id='word_1_68' title='bbox 1608 1149 1662 1196; x_wconf 87' lang='lat' dir='ltr'>in</span> <span class='ocrx_word' id='word_1_69' title='bbox 1712 1150 1744 1196; x_wconf 92' lang='lat' dir='ltr'><strong>J</strong></span> <span class='ocrx_word' id='word_1_70' title='bbox 1748 1149 2010 1198; x_wconf 79' lang='lat' dir='ltr'>ansenismi</span> 
     </span>
     <span class='ocr_line' id='line_1_11' title="bbox 564 1233 1180 1297; baseline -0.003 -16"><span class='ocrx_word' id='word_1_71' title='bbox 564 1233 895 1297; x_wconf 80' lang='lat' dir='ltr'>suspicionem</span> <span class='ocrx_word' id='word_1_72' title='bbox 914 1233 1180 1288; x_wconf 82' lang='lat' dir='ltr'><strong>incurrant.</strong></span> 
     </span>
    </p>

    <p class='ocr_par' dir='ltr' id='par_1_7' title="bbox 497 1313 2014 1530">
     <span class='ocr_line' id='line_1_12' title="bbox 497 1313 2011 1375; baseline -0.003 -13"><span class='ocrx_word' id='word_1_73' title='bbox 497 1339 563 1349; x_wconf 96' lang='lat'>—</span> <span class='ocrx_word' id='word_1_74' title='bbox 583 1316 662 1362; x_wconf 84' lang='lat'>48.</span> <span class='ocrx_word' id='word_1_75' title='bbox 692 1315 765 1364; x_wconf 91' lang='grc'>11.</span> <span class='ocrx_word' id='word_1_76' title='bbox 801 1316 914 1371; x_wconf 74' lang='lat' dir='ltr'>Nos,</span> <span class='ocrx_word' id='word_1_77' title='bbox 948 1317 1145 1363; x_wconf 70' lang='grc' dir='ltr'>εεσίἰοηε</span> <span class='ocrx_word' id='word_1_78' title='bbox 1171 1315 1379 1375; x_wconf 64' lang='lat' dir='ltr'>plurima</span> <span class='ocrx_word' id='word_1_79' title='bbox 1410 1317 1567 1374; x_wconf 76' lang='lat' dir='ltr'>Aptat</span> <span class='ocrx_word' id='word_1_80' title='bbox 1590 1316 1779 1374; x_wconf 70' lang='lat' dir='ltr'>peritus</span> <span class='ocrx_word' id='word_1_81' title='bbox 1810 1313 2011 1375; x_wconf 59' lang='lat' dir='ltr'>Artifex.</span> 
     </span>
     <span class='ocr_line' id='line_1_13' title="bbox 567 1394 2014 1457; baseline -0.001 -16"><span class='ocrx_word' id='word_1_82' title='bbox 567 1394 630 1442; x_wconf 91' lang='lat' dir='ltr'>In</span> <span class='ocrx_word' id='word_1_83' title='bbox 652 1401 815 1443; x_wconf 78' lang='lat' dir='ltr'>mente</span> <span class='ocrx_word' id='word_1_84' title='bbox 837 1395 1010 1442; x_wconf 77' lang='lat' dir='ltr'>habuit</span> <span class='ocrx_word' id='word_1_85' title='bbox 1031 1403 1172 1457; x_wconf 79' lang='lat' dir='ltr'>poeta</span> <span class='ocrx_word' id='word_1_86' title='bbox 1192 1395 1435 1456; x_wconf 82' lang='lat' dir='ltr'><strong>hymnum</strong></span> <span class='ocrx_word' id='word_1_87' title='bbox 1457 1394 1606 1441; x_wconf 88' lang='lat' dir='ltr'>illum</span> <span class='ocrx_word' id='word_1_88' title='bbox 1629 1395 1690 1442; x_wconf 90' lang='lat' dir='ltr'>de</span> <span class='ocrx_word' id='word_1_89' title='bbox 1713 1395 2014 1442; x_wconf 82' lang='lat' dir='ltr'>dedicatione</span> 
     </span>
     <span class='ocr_line' id='line_1_14' title="bbox 565 1475 813 1530; baseline -0.008 -6"><span class='ocrx_word' id='word_1_90' title='bbox 565 1475 813 1530; x_wconf 59' lang='lat' dir='ltr'>ecclesian</span> 
     </span>
    </p>

    <p class='ocr_par' dir='ltr' id='par_1_8' title="bbox 697 1563 1750 1628">
     <span class='ocr_line' id='line_1_15' title="bbox 697 1563 1750 1628; baseline 0 -16"><span class='ocrx_word' id='word_1_91' title='bbox 697 1564 1044 1622; x_wconf 75' lang='lat' dir='ltr'>Tunsionibus,</span> <span class='ocrx_word' id='word_1_92' title='bbox 1068 1563 1307 1627; x_wconf 74' lang='lat' dir='ltr'>pressuris</span> <span class='ocrx_word' id='word_1_93' title='bbox 1331 1564 1534 1628; x_wconf 82' lang='lat' dir='ltr'>expoliti</span> <span class='ocrx_word' id='word_1_94' title='bbox 1555 1564 1750 1628; x_wconf 76' lang='lat' dir='ltr'>lapides</span> 
     </span>
    </p>

    <p class='ocr_par' dir='ltr' id='par_1_9' title="bbox 568 1645 2014 1878">
     <span class='ocr_line' id='line_1_16' title="bbox 698 1645 1864 1708; baseline 0 -14"><span class='ocrx_word' id='word_1_95' title='bbox 698 1646 811 1694; x_wconf 76' lang='lat' dir='ltr'>Suis</span> <span class='ocrx_word' id='word_1_96' title='bbox 834 1652 1126 1708; x_wconf 79' lang='lat' dir='ltr'>coaptantur</span> <span class='ocrx_word' id='word_1_97' title='bbox 1143 1645 1264 1693; x_wconf 77' lang='lat' dir='ltr'>locis</span> <span class='ocrx_word' id='word_1_98' title='bbox 1286 1661 1373 1708; x_wconf 90' lang='lat' dir='ltr'>per</span> <span class='ocrx_word' id='word_1_99' title='bbox 1394 1662 1600 1694; x_wconf 79' lang='lat' dir='ltr'><strong>manum</strong></span> <span class='ocrx_word' id='word_1_100' title='bbox 1623 1647 1833 1695; x_wconf 81' lang='lat' dir='ltr'>artificis</span> <span class='ocrx_word' id='word_1_101' title='bbox 1853 1665 1864 1694; x_wconf 71' lang='grc' dir='ltr'><strong>ε</strong></span> 
     </span>
     <span class='ocr_line' id='line_1_17' title="bbox 568 1734 2014 1798; baseline -0.001 -14"><span class='ocrx_word' id='word_1_102' title='bbox 568 1735 700 1784; x_wconf 87' lang='lat' dir='ltr'>Mihi</span> <span class='ocrx_word' id='word_1_103' title='bbox 732 1735 932 1798; x_wconf 84' lang='lat' dir='ltr'>quidem</span> <span class='ocrx_word' id='word_1_104' title='bbox 966 1741 1098 1782; x_wconf 83' lang='lat' dir='ltr'>totus</span> <span class='ocrx_word' id='word_1_105' title='bbox 1129 1735 1212 1782; x_wconf 83' lang='lat' dir='ltr'>hic</span> <span class='ocrx_word' id='word_1_106' title='bbox 1245 1734 1462 1798; x_wconf 78' lang='lat' dir='ltr'><strong>hymnus</strong></span> <span class='ocrx_word' id='word_1_107' title='bbox 1496 1736 1625 1783; x_wconf 87' lang='lat' dir='ltr'>inter</span> <span class='ocrx_word' id='word_1_108' title='bbox 1655 1736 2014 1798; x_wconf 74' lang='lat' dir='ltr'>pulcherrimos</span> 
     </span>
     <span class='ocr_line' id='line_1_18' title="bbox 568 1816 1866 1878; baseline 0.001 -14"><span class='ocrx_word' id='word_1_109' title='bbox 568 1817 889 1866; x_wconf 87' lang='lat' dir='ltr'>recentiorum</span> <span class='ocrx_word' id='word_1_110' title='bbox 912 1817 1119 1872; x_wconf 86' lang='lat' dir='ltr'>videtur,</span> <span class='ocrx_word' id='word_1_111' title='bbox 1144 1831 1234 1863; x_wconf 88' lang='lat' dir='ltr'>nec</span> <span class='ocrx_word' id='word_1_112' title='bbox 1259 1832 1364 1865; x_wconf 85' lang='lat' dir='ltr'>aevo</span> <span class='ocrx_word' id='word_1_113' title='bbox 1385 1816 1585 1863; x_wconf 87' lang='lat' dir='ltr'>meliore</span> <span class='ocrx_word' id='word_1_114' title='bbox 1607 1817 1866 1878; x_wconf 82' lang='lat' dir='ltr'>indignus.</span> 
     </span>
    </p>

    <p class='ocr_par' dir='ltr' id='par_1_10' title="bbox 501 1897 1949 1960">
     <span class='ocr_line' id='line_1_19' title="bbox 501 1897 1949 1960; baseline 0 -14"><span class='ocrx_word' id='word_1_115' title='bbox 501 1925 567 1935; x_wconf 98' lang='lat'>—</span> <span class='ocrx_word' id='word_1_116' title='bbox 589 1901 667 1948; x_wconf 81' lang='lat'>49.</span> <span class='ocrx_word' id='word_1_117' title='bbox 691 1899 724 1947; x_wconf 92' lang='lat'>1.</span> <span class='ocrx_word' id='word_1_118' title='bbox 755 1900 827 1946; x_wconf 88' lang='lat'>12.</span> <span class='ocrx_word' id='word_1_119' title='bbox 865 1900 991 1946; x_wconf 77' lang='lat' dir='ltr'>Ades</span> <span class='ocrx_word' id='word_1_120' title='bbox 1008 1917 1026 1945; x_wconf 83' lang='lat'>.-</span> <span class='ocrx_word' id='word_1_121' title='bbox 1059 1897 1153 1954; x_wconf 78' lang='lat' dir='ltr'>Ita‚</span> <span class='ocrx_word' id='word_1_122' title='bbox 1179 1897 1356 1959; x_wconf 83' lang='lat' dir='ltr'>spretis</span> <span class='ocrx_word' id='word_1_123' title='bbox 1378 1897 1522 1945; x_wconf 87' lang='lat' dir='ltr'>metri</span> <span class='ocrx_word' id='word_1_124' title='bbox 1548 1897 1762 1958; x_wconf 84' lang='lat' dir='ltr'>legibus,</span> <span class='ocrx_word' id='word_1_125' title='bbox 1784 1905 1949 1960; x_wconf 78' lang='lat' dir='ltr'>poeta.</span> 
     </span>
    </p>

    <p class='ocr_par' dir='ltr' id='par_1_11' title="bbox 500 1979 2018 2941">
     <span class='ocr_line' id='line_1_20' title="bbox 500 1979 2014 2042; baseline -0.003 -13"><span class='ocrx_word' id='word_1_126' title='bbox 500 2007 567 2017; x_wconf 93' lang='lat'><strong>—</strong></span> <span class='ocrx_word' id='word_1_127' title='bbox 590 1981 671 2029; x_wconf 89' lang='grc'>61.</span> <span class='ocrx_word' id='word_1_128' title='bbox 703 1984 754 2031; x_wconf 77' lang='grc' dir='ltr'><em>Δ</em></span> <span class='ocrx_word' id='word_1_129' title='bbox 782 1982 890 2028; x_wconf 73' lang='lat' dir='ltr'>solis</span> <span class='ocrx_word' id='word_1_130' title='bbox 918 1987 1047 2028; x_wconf 71' lang='lat' dir='ltr'>ortus</span> <span class='ocrx_word' id='word_1_131' title='bbox 1077 1981 1283 2027; x_wconf 81' lang='lat' dir='ltr'>cardine.</span> <span class='ocrx_word' id='word_1_132' title='bbox 1353 1979 1431 2026; x_wconf 91' lang='lat' dir='ltr'>De</span> <span class='ocrx_word' id='word_1_133' title='bbox 1456 1979 1549 2026; x_wconf 91' lang='lat' dir='ltr'>hoc</span> <span class='ocrx_word' id='word_1_134' title='bbox 1577 1979 1784 2042; x_wconf 78' lang='lat' dir='ltr'>hymno,</span> <span class='ocrx_word' id='word_1_135' title='bbox 1811 1989 1872 2027; x_wconf 87' lang='lat' dir='ltr'>ut</span> <span class='ocrx_word' id='word_1_136' title='bbox 1897 1979 2014 2027; x_wconf 88' lang='lat' dir='ltr'>mihi</span> 
     </span>
     <span class='ocr_line' id='line_1_21' title="bbox 568 2058 2014 2125; baseline 0.001 -17"><span class='ocrx_word' id='word_1_137' title='bbox 568 2061 767 2125; x_wconf 83' lang='lat' dir='ltr'>quidem</span> <span class='ocrx_word' id='word_1_138' title='bbox 803 2061 1010 2118; x_wconf 82' lang='lat' dir='ltr'>videtur,</span> <span class='ocrx_word' id='word_1_139' title='bbox 1047 2058 1180 2107; x_wconf 79' lang='lat' dir='ltr'>haud</span> <span class='ocrx_word' id='word_1_140' title='bbox 1214 2059 1334 2107; x_wconf 81' lang='lat' dir='ltr'>satis</span> <span class='ocrx_word' id='word_1_141' title='bbox 1373 2059 1680 2122; x_wconf 84' lang='lat' dir='ltr'>disputatum</span> <span class='ocrx_word' id='word_1_142' title='bbox 1718 2067 1808 2109; x_wconf 86' lang='lat' dir='ltr'>est.</span> <span class='ocrx_word' id='word_1_143' title='bbox 1883 2061 2014 2109; x_wconf 88' lang='lat' dir='ltr'>Eum</span> 
     </span>
     <span class='ocr_line' id='line_1_22' title="bbox 564 2141 2016 2206; baseline -0.001 -15"><span class='ocrx_word' id='word_1_144' title='bbox 564 2143 751 2206; x_wconf 79' lang='lat' dir='ltr'>hymno</span> <span class='ocrx_word' id='word_1_145' title='bbox 798 2142 1062 2191; x_wconf 83' lang='lat' dir='ltr'>Seduliauo</span> <span class='ocrx_word' id='word_1_146' title='bbox 1107 2141 1424 2188; x_wconf 84' lang='lat' dir='ltr'>vetustiorem</span> <span class='ocrx_word' id='word_1_147' title='bbox 1469 2157 1591 2198; x_wconf 82' lang='lat' dir='ltr'>esse,</span> <span class='ocrx_word' id='word_1_148' title='bbox 1639 2142 1723 2189; x_wconf 91' lang='lat' dir='ltr'>cui</span> <span class='ocrx_word' id='word_1_149' title='bbox 1765 2143 1907 2190; x_wconf 86' lang='lat' dir='ltr'>idem</span> <span class='ocrx_word' id='word_1_150' title='bbox 1949 2151 2016 2190; x_wconf 89' lang='lat' dir='ltr'>est</span> 
     </span>
     <span class='ocr_line' id='line_1_23' title="bbox 566 2221 2014 2286; baseline 0 -16"><span class='ocrx_word' id='word_1_151' title='bbox 566 2223 878 2286; x_wconf 86' lang='lat' dir='ltr'>principium,</span> <span class='ocrx_word' id='word_1_152' title='bbox 897 2223 1126 2270; x_wconf 87' lang='lat' dir='ltr'>viderunt</span> <span class='ocrx_word' id='word_1_153' title='bbox 1147 2221 1310 2268; x_wconf 88' lang='lat' dir='ltr'>multi.</span> <span class='ocrx_word' id='word_1_154' title='bbox 1345 2221 1694 2269; x_wconf 82' lang='lat' dir='ltr'>Acrostichum</span> <span class='ocrx_word' id='word_1_155' title='bbox 1716 2238 1836 2272; x_wconf 86' lang='lat' dir='ltr'>vero</span> <span class='ocrx_word' id='word_1_156' title='bbox 1851 2224 2014 2278; x_wconf 83' lang='lat' dir='ltr'>fuisse,</span> 
     </span>
     <span class='ocr_line' id='line_1_24' title="bbox 566 2302 2016 2368; baseline 0.001 -17"><span class='ocrx_word' id='word_1_157' title='bbox 566 2304 646 2351; x_wconf 82' lang='lat' dir='ltr'>vel</span> <span class='ocrx_word' id='word_1_158' title='bbox 669 2303 833 2366; x_wconf 81' lang='lat' dir='ltr'>potius</span> <span class='ocrx_word' id='word_1_159' title='bbox 854 2303 1232 2360; x_wconf 76' lang='lat' dir='ltr'>ABGDarium,</span> <span class='ocrx_word' id='word_1_160' title='bbox 1253 2302 1538 2365; x_wconf 82' lang='lat' dir='ltr'>diligentius</span> <span class='ocrx_word' id='word_1_161' title='bbox 1573 2303 1788 2352; x_wconf 86' lang='lat' dir='ltr'>intuenti</span> <span class='ocrx_word' id='word_1_162' title='bbox 1817 2307 2016 2368; x_wconf 77' lang='lat' dir='ltr'>patebit.</span> 
     </span>
     <span class='ocr_line' id='line_1_25' title="bbox 566 2383 2016 2447; baseline 0.003 -15"><span class='ocrx_word' id='word_1_163' title='bbox 566 2383 667 2432; x_wconf 81' lang='lat' dir='ltr'>vix</span> <span class='ocrx_word' id='word_1_164' title='bbox 700 2385 832 2432; x_wconf 88' lang='lat' dir='ltr'>enim</span> <span class='ocrx_word' id='word_1_165' title='bbox 867 2401 984 2432; x_wconf 79' lang='lat' dir='ltr'>casu</span> <span class='ocrx_word' id='word_1_166' title='bbox 1017 2385 1123 2432; x_wconf 86' lang='lat' dir='ltr'>fieri</span> <span class='ocrx_word' id='word_1_167' title='bbox 1144 2391 1318 2447; x_wconf 82' lang='lat' dir='ltr'>potest,</span> <span class='ocrx_word' id='word_1_168' title='bbox 1349 2389 1407 2432; x_wconf 86' lang='lat' dir='ltr'>ut</span> <span class='ocrx_word' id='word_1_169' title='bbox 1437 2385 1492 2432; x_wconf 92' lang='lat' dir='ltr'>hi</span> <span class='ocrx_word' id='word_1_170' title='bbox 1532 2401 1703 2433; x_wconf 82' lang='lat' dir='ltr'>versus</span> <span class='ocrx_word' id='word_1_171' title='bbox 1737 2388 1916 2436; x_wconf 87' lang='lat' dir='ltr'>ordine</span> <span class='ocrx_word' id='word_1_172' title='bbox 1951 2389 2016 2436; x_wconf 87' lang='lat' dir='ltr'>le-</span> 
     </span>
     <span class='ocr_line' id='line_1_26' title="bbox 565 2466 2018 2533; baseline 0.004 -20"><span class='ocrx_word' id='word_1_173' title='bbox 565 2471 769 2528; x_wconf 83' lang='lat' dir='ltr'>gentur:</span> <span class='ocrx_word' id='word_1_174' title='bbox 824 2466 909 2515; x_wconf 77' lang='lat' dir='ltr'>Fit</span> <span class='ocrx_word' id='word_1_175' title='bbox 940 2473 1081 2529; x_wconf 71' lang='lat' dir='ltr'>porta</span> <span class='ocrx_word' id='word_1_176' title='bbox 1115 2466 1303 2514; x_wconf 83' lang='lat' dir='ltr'>Christi</span> <span class='ocrx_word' id='word_1_177' title='bbox 1344 2467 1542 2530; x_wconf 83' lang='lat' dir='ltr'>pervia:</span> <span class='ocrx_word' id='word_1_178' title='bbox 1603 2471 1774 2516; x_wconf 79' lang='lat' dir='ltr'>Genus</span> <span class='ocrx_word' id='word_1_179' title='bbox 1820 2471 2018 2533; x_wconf 86' lang='lat' dir='ltr'>superni</span> 
     </span>
     <span class='ocr_line' id='line_1_27' title="bbox 566 2546 2013 2612; baseline 0.003 -18"><span class='ocrx_word' id='word_1_180' title='bbox 566 2546 617 2594; x_wconf 84' lang='lat' dir='ltr'>N</span> <span class='ocrx_word' id='word_1_181' title='bbox 620 2547 836 2603; x_wconf 77' lang='lat' dir='ltr'>uminis3</span> <span class='ocrx_word' id='word_1_182' title='bbox 888 2551 1064 2596; x_wconf 85' lang='lat' dir='ltr'>Honor</span> <span class='ocrx_word' id='word_1_183' title='bbox 1108 2548 1287 2596; x_wconf 73' lang='lat' dir='ltr'>Matris</span> <span class='ocrx_word' id='word_1_184' title='bbox 1323 2557 1371 2596; x_wconf 90' lang='lat' dir='ltr'>et</span> <span class='ocrx_word' id='word_1_185' title='bbox 1400 2549 1666 2612; x_wconf 83' lang='lat' dir='ltr'>gaudium:</span> <span class='ocrx_word' id='word_1_186' title='bbox 1721 2556 1773 2597; x_wconf 83' lang='lat' dir='ltr'>et</span> <span class='ocrx_word' id='word_1_187' title='bbox 1807 2551 2013 2600; x_wconf 84' lang='lat' dir='ltr'>iterum:</span> 
     </span>
     <span class='ocr_line' id='line_1_28' title="bbox 572 2627 2016 2689; baseline 0.003 -14"><span class='ocrx_word' id='word_1_188' title='bbox 572 2629 684 2689; x_wconf 83' lang='lat' dir='ltr'>Qui,</span> <span class='ocrx_word' id='word_1_189' title='bbox 728 2627 961 2686; x_wconf 87' lang='lat' dir='ltr'>Verbum,</span> <span class='ocrx_word' id='word_1_190' title='bbox 1000 2643 1113 2676; x_wconf 83' lang='lat' dir='ltr'>caro</span> <span class='ocrx_word' id='word_1_191' title='bbox 1157 2630 1344 2678; x_wconf 74' lang='lat' dir='ltr'>factum</span> <span class='ocrx_word' id='word_1_192' title='bbox 1389 2639 1489 2678; x_wconf 78' lang='lat' dir='ltr'>est:</span> <span class='ocrx_word' id='word_1_193' title='bbox 1549 2633 1735 2678; x_wconf 84' lang='lat' dir='ltr'>Rorem</span> <span class='ocrx_word' id='word_1_194' title='bbox 1781 2633 2016 2682; x_wconf 86' lang='lat' dir='ltr'>dederunt</span> 
     </span>
     <span class='ocr_line' id='line_1_29' title="bbox 567 2708 2014 2778; baseline 0.005 -22"><span class='ocrx_word' id='word_1_195' title='bbox 567 2708 765 2756; x_wconf 80' lang='lat' dir='ltr'>oethera..</span> <span class='ocrx_word' id='word_1_196' title='bbox 823 2708 948 2755; x_wconf 88' lang='lat' dir='ltr'>Inde</span> <span class='ocrx_word' id='word_1_197' title='bbox 969 2711 1288 2772; x_wconf 77' lang='lat' dir='ltr'>transpositos</span> <span class='ocrx_word' id='word_1_198' title='bbox 1312 2713 1565 2775; x_wconf 75' lang='lat' dir='ltr'>quosdam,</span> <span class='ocrx_word' id='word_1_199' title='bbox 1585 2713 1835 2775; x_wconf 71' lang='lat' dir='ltr'>quosdam</span> <span class='ocrx_word' id='word_1_200' title='bbox 1857 2715 2014 2778; x_wconf 82' lang='lat' dir='ltr'>perdi-</span> 
     </span>
     <span class='ocr_line' id='line_1_30' title="bbox 566 2788 2014 2856; baseline 0.006 -20"><span class='ocrx_word' id='word_1_201' title='bbox 566 2796 643 2836; x_wconf 75' lang='lat' dir='ltr'>tos</span> <span class='ocrx_word' id='word_1_202' title='bbox 658 2788 826 2846; x_wconf 78' lang='lat' dir='ltr'>fuisse,</span> <span class='ocrx_word' id='word_1_203' title='bbox 846 2803 1018 2836; x_wconf 77' lang='lat' dir='ltr'>versus</span> <span class='ocrx_word' id='word_1_204' title='bbox 1041 2804 1140 2837; x_wconf 89' lang='lat' dir='ltr'>non</span> <span class='ocrx_word' id='word_1_205' title='bbox 1157 2806 1285 2838; x_wconf 77' lang='lat' dir='ltr'><strong>vana.</strong></span> <span class='ocrx_word' id='word_1_206' title='bbox 1307 2793 1584 2842; x_wconf 78' lang='lat' dir='ltr'>suborietur</span> <span class='ocrx_word' id='word_1_207' title='bbox 1605 2794 1847 2856; x_wconf 77' lang='lat' dir='ltr'>suspicio.</span> <span class='ocrx_word' id='word_1_208' title='bbox 1885 2795 2014 2844; x_wconf 82' lang='lat' dir='ltr'>Inter</span> 
     </span>
     <span class='ocr_line' id='line_1_31' title="bbox 566 2867 1956 2941; baseline 0.009 -26"><span class='ocrx_word' id='word_1_209' title='bbox 566 2867 784 2933; x_wconf 79' lang='lat' dir='ltr'>primum</span> <span class='ocrx_word' id='word_1_210' title='bbox 806 2873 855 2916; x_wconf 88' lang='lat' dir='ltr'>et</span> <span class='ocrx_word' id='word_1_211' title='bbox 877 2869 1148 2918; x_wconf 84' lang='lat' dir='ltr'>secundum</span> <span class='ocrx_word' id='word_1_212' title='bbox 1169 2871 1394 2924; x_wconf 78' lang='lat' dir='ltr'>inserunt</span> <span class='ocrx_word' id='word_1_213' title='bbox 1417 2875 1714 2924; x_wconf 73' lang='lat' dir='ltr'>Thomasius</span> <span class='ocrx_word' id='word_1_214' title='bbox 1737 2877 1956 2941; x_wconf 76' lang='lat' dir='ltr'>aliique:</span> 
     </span>
    </p>
   </div>
  </div>
 </body>
</html>
