2025 3292
477 293 583 344 242
1146 304 1326 342 now.

477 428 531 476 Ρ.
557 431 601 476 8.
626 427 659 475 1.
685 427 729 475 6.
769 427 913 476 Brev.
940 426 1212 485 Mozarab„
1235 429 1295 475 Se
1323 429 1488 485 victus,
1521 426 1662 475 nullo
1695 427 1802 476 fere
1833 443 2002 478 sensu.

540 510 734 568 Thom.,
765 511 897 560 Quod
918 512 1088 558 ibidem
1113 517 1222 558 tunc
1241 511 1465 571 Angelus.

476 617 542 627 -
564 622 628 635 -
649 591 683 639 1.
713 593 786 640 15.
810 591 1003 649 Thom.,
1029 593 1302 653 Spernentes
1322 599 1380 639 et.

478 699 545 708 —
566 674 612 722 9.
636 673 669 721 L
692 675 733 721 1.
754 673 946 730 Thom.,
962 675 1128 721 Stulta
1145 690 1248 721 vero
1267 690 1367 736 quoe
1383 680 1621 721 remanent
1641 674 1772 724 Quia
1790 677 2004 722 uinctos.

478 780 544 790 —
564 780 631 790 —-
651 753 684 802 l.
709 757 754 804 4.
780 754 971 812 Thom.,
1000 757 1171 804 Clausa
1191 758 1332 817 regis.

480 861 546 871 —
573 860 632 870 —
651 834 684 883 1.
709 838 755 884 2.
792 835 983 893 Thom.,
1014 839 1259 884 Gestantes
1291 839 1555 898 splendidas
1588 854 1729 885 manu
1743 855 1763 893 ‚·
1804 837 2002 894 Daniel,

552 919 796 965 Gestcmtes
817 925 989 965 mentes
1010 920 1290 979 splendidas.

480 1024 546 1034 —
573 999 645 1046 10.
673 997 705 1046 L
726 999 772 1046 4.
806 998 999 1057 Thom.,
1032 1001 1186 1046 Trinae
1206 1003 1394 1048 virtuti&
1411 1002 1628 1062 gloriam.

480 1104 546 1114 ——
568 1105 634 1115 —
656 1078 689 1126 l.
715 1080 758 1126 9.
784 1079 975 1138 Thom.,
1000 1082 1104 1128 Hoc
1126 1095 1214 1142 pro
1235 1098 1336 1142 quo.
1391 1085 1605 1141 Cunctos,
1621 1097 1692 1130 sc.
1721 1083 2001 1147 Apostolos,

508 1135 657 1208 dedi
682 1176 743 1208 ex
765 1162 1047 1224 conjectura
1070 1177 1158 1225 pro
1180 1170 1363 1211 cuncta.

482 1243 711 1292 -11.1.
740 1243 815 1293 17.
852 1243 1047 1302 Thom.,
1071 1246 1236 1292 Sexta.

482 1350 549 1360 -
569 1350 636 1360 -
656 1324 691 1372 1.
728 1327 801 1373 19.
826 1324 1022 1381 Thom.,
1046 1327 1293 1376 Admonet.

484 1431 551 1440 —
572 1432 637 1442 -
659 1406 692 1454 L
717 1409 793 1455 23.
820 1406 1016 1464 Thom.,
1046 1408 1245 1454 Semina.

484 1515 551 1524 —
572 1489 644 1537 12.
669 1488 702 1536 L
721 1491 765 1537 3.
791 1491 974 1550 Figura
992 1489 1103 1536 dedi
1121 1504 1182 1536 ex
1199 1489 1478 1550 conjectura
1499 1503 1587 1550 pro
1599 1491 1833 1550 figuram.
1875 1493 2004 1540 Nun-

551 1573 638 1618 tios
653 1589 669 1618 .-
704 1569 862 1618 voluit
882 1575 1027 1632 poeta
1048 1569 1224 1618 Latine
1243 1577 1429 1618 vertere
1452 1573 1680 1633 Angelos.

486 1679 553 1687 —
573 1678 640 1687 —
662 1652 694 1701 1.
726 1653 799 1701 15.
824 1652 1022 1710 Thom.,
1046 1655 1257 1714 AEquali.

486 1760 555 1769 —
572 1760 639 1770 -
659 1734 691 1782 l.
721 1735 796 1783 18.
834 1734 1030 1793 Thom.,
1048 1735 1230 1782 omittit
1250 1737 1330 1782 Et.

485 1841 553 1851 --
578 1816 805 1865 15.1.13.
842 1817 1034 1872 Thom.,
1070 1819 1323 1864 Pasa-ionis.
1391 1816 1462 1863 At
1498 1815 1751 1866 ablativus
1794 1827 1889 1878 est,
1925 1834 2006 1883 pro

553 1899 831 1946 accusativo
852 1899 1056 1961 positus·

486 2003 552 2014 —
572 2005 639 2013 —
655 1978 687 2026 1.
718 1979 790 2029 17.
838 1979 919 2026 Ita
964 1979 1138 2042 scripsi
1182 1994 1208 2026 e
1255 1980 1551 2041 conjectura.
1615 1981 1927 2031 Thomasius
1967 1991 2009 2030 et

554 2059 696 2109 Brev.
723 2061 1124 2120 Mozarabicum3

822 2193 935 2240 Hac
961 2193 1136 2240 Petrus
1157 2192 1276 2241 hora
1299 2194 1511 2256 mystica

818 2273 998 2322 Claudi
1020 2274 1217 2323 resolvit
1239 2274 1452 2334 vincula,

817 2355 865 2402 N
870 2370 967 2402 unc
991 2356 1236 2404 visionum
1261 2356 1480 2418 cognitor

814 2435 973 2483 Terno
994 2452 1198 2485 recursu
1221 2438 1464 2486 terminat.

488 2587 553 2599 —-
581 2564 652 2612 16.
676 2564 709 2613 1.
734 2567 810 2613 22.
849 2567 1068 2614 Misera-5.
1136 2567 1213 2615 Ita
1237 2583 1264 2617 e
1287 2569 1568 2631 conjectura
1593 2569 1712 2619 dedi
1737 2589 1832 2636 pro
1857 2592 2010 2623 mune-

556 2660 649 2692 ''08-

488 2747 549 2762 -.
580 2719 654 2770 17.
680 2719 714 2768 l.
746 2722 818 2769 14.
844 2721 1036 2780 Thom.,
1066 2726 1251 2776 Intenti.

486 2821 553 2831 -—-
574 2825 639 2834 —
658 2799 696 2846 l.
720 2801 796 2847 22.
824 2801 1020 2859 Thom.,
1041 2807 1127 2854 Ad
1147 2808 1311 2854 Patris
1332 2809 1588 2856 dexteram.

488 2902 551 2913 —
576 2881 649 2928 18.
675 2879 708 2927 L
728 2882 773 2930 2.
798 2879 991 2942 Thom.,
1014 2889 1318 2951 Judicemque
1341 2907 1596 2952 speramus.
