2025 3292
494 299 600 351 248
1163 303 1340 350 noa-3.

491 435 549 484 P.
580 433 661 483 92.
692 433 726 484 l.
764 434 812 481 4.
868 433 1092 481 Concinit.
1162 431 1241 479 Ita
1270 430 1382 480 dedi
1412 443 1500 493 pro
1533 429 1742 493 vulgato
1773 435 1975 480 concivis
1992 451 2007 478 .-

556 516 689 580 quod
708 531 799 564 nec
821 530 937 563 cum
957 519 1114 562 metro
1133 529 1224 561 nec
1247 529 1364 561 eum
1383 527 1532 561 sensu
1553 513 1800 560 convenit.

490 625 559 636 —
579 600 657 648 98.
696 592 894 655 Christe,
918 599 1067 644 lumen
1089 603 1390 658 perpetuum..
1449 594 1498 642 S.
1515 593 1766 656 Magnum
1793 595 2005 644 Felicem

558 679 845 728 Ennodium
868 686 1118 725 auctorem
1136 677 1347 724 habent:
1383 683 1441 724 ut
1461 682 1511 724 et
1533 691 1762 738 sequena.

490 787 558 798 —
578 787 647 797 —
664 760 698 808 1.
724 760 770 808 6.
804 759 1001 816 Thom„
1025 761 1241 807 siderum.

491 869 557 879 —
577 868 644 878 —-
665 840 697 889 l.
723 844 769 899 9,
798 842 871 889 10.
906 840 1102 898 Thom„
1125 841 1281 887 nullis.

490 951 556 961 —
585 923 690 972 101.
712 922 746 970 l.
775 925 851 971 14.
883 921 1079 979 Thom„
1105 923 1280 970 Christi
1301 937 1458 982 cepere
1475 924 1704 982 gratiam.

492 1006 683 1054 -102
698 1004 729 1054 l.
752 1003 799 1056 7.
822 1003 1016 1062 Thom.,
1031 1005 1172 1052 Plebs
1188 1006 1330 1064 impia
1344 1020 1360 1050 .·
1400 1003 1492 1053 Qui
1513 1005 1720 1052 credidit
1735 1005 1892 1052 salvus
1907 1008 1999 1051 erit.

490 1113 559 1124 -
592 1113 661 1123 —
698 1081 913 1134 Alleluia
948 1089 1048 1148 piis
1091 1087 1212 1134 edite
1255 1087 1482 1132 laudibus.
1565 1084 1652 1132 Sat
1687 1093 1878 1148 notum
1922 1095 1998 1143 est,

558 1167 867 1226 Mozarabes,
901 1172 959 1214 ut
1002 1174 1052 1215 et
1093 1165 1385 1224 Orientales,
1423 1166 1645 1216 Alleluia
1683 1168 1740 1215 in
1781 1169 1997 1220 Quadra-

556 1249 743 1313 gesima
765 1249 1069 1312 frequentius
1098 1248 1393 1297 decantasse.
1415 1246 1420 1250 ’
1465 1248 1544 1296 Eo
1572 1265 1772 1313 quoque
1807 1252 1998 1299 uteban-

558 1339 641 1379 tur
662 1331 713 1379 in
736 1331 909 1378 officiis
931 1330 1320 1378 Defunctorum:
1357 1331 1408 1377 id
1431 1331 1563 1392 quod
1590 1331 1822 1380 Ecclesia
1847 1332 1997 1381 Galli-

558 1427 679 1460 cana
700 1411 818 1460 olim
842 1410 1052 1459 faciebat
1071 1411 1159 1476 (cf.
1182 1409 1538 1459 Bandominam
1568 1412 1622 1458 in
1641 1411 1745 1462 vit.
1771 1413 1822 1461 S.
1845 1414 1998 1462 Rade-

556 1493 765 1558 gundis:
814 1493 1040 1542 Bolland.
1066 1493 1197 1556 Aug.
1220 1509 1273 1556 p.
1290 1491 1378 1556 82)
1400 1499 1450 1541 et
1484 1493 1741 1551 Romamn
1779 1495 1857 1558 (S.
1885 1496 1998 1543 Hie-

556 1591 744 1639 ronym.
764 1575 860 1638 Ep.
886 1575 963 1624 77.
990 1575 1087 1623 Εᾱ.
1113 1572 1315 1637 Veron.)

624 1657 720 1705 Sed
750 1657 851 1704 ritu
882 1656 1120 1720 peculiari
1151 1656 1284 1704 hunc
1317 1656 1562 1720 hymnum
1606 1657 1660 1704 in
1701 1657 2001 1706 hebdomada

558 1739 943 1802 Septuagesimae
966 1739 1258 1787 decantabat
1275 1738 1501 1787 Ecclesia
1517 1738 1877 1802 wigornensis.
1895 1741 2001 1788 vid.

556 1836 675 1884 nup.
700 1820 944 1869 Editionis
965 1836 1012 1883 p.
1042 1823 1117 1869 60.
1188 1820 1251 1867 In
1282 1835 1380 1883 quo
1404 1826 1568 1868 tamen
1599 1821 1781 1882 repetit
1813 1823 2003 1876 chorus.

559 1905 589 1929 “
606 1887 825 1951 Allelnia
844 1911 1056 1966 p'erenne
1078 1901 1206 1950 edite
1223 1901 1505 1949 laudibus.''

490 2011 557 2021 —
578 2011 644 2021 —
664 1984 698 2032 1.
727 1986 801 2032 14.
848 1987 1085 2033 Unanime.
1157 1983 1254 2040 Ita,
1275 1987 1433 2030 metro
1451 1981 1748 2046 postulante,
1775 1984 1891 2033 dedi
1926 2000 2003 2049 pro

557 2069 853 2114 unanimiter.
918 2051 1170 2128 Hymnale
1195 2063 1420 2126 Wigorn.
1443 2068 1662 2114 suaviter.

491 2171 558 2183 —
583 2150 691 2196 105.
728 2148 828 2195 Hic
862 2147 1095 2210 hymnus,
1123 2146 1250 2195 mira
1283 2146 1498 2208 quadam
1531 2147 1775 2209 gravitate
1811 2149 2003 2212 conspi-

558 2243 698 2287 cuus,
721 2244 817 2276 non
840 2228 938 2277 nisi
960 2229 1013 2276 in
1037 2229 1246 2277 editione
1272 2227 1414 2276 Brev.
1433 2228 1688 2277 Mozarab.
1709 2228 2006 2280 Arevaliani

558 2315 718 2358 extat:
753 2316 811 2357 ut
833 2319 1120 2373 etsequens.

491 2413 559 2425 --
594 2391 700 2438 108.
740 2391 865 2438 Crux
903 2391 1144 2439 benedicta
1178 2395 1328 2440 nitet.-
1376 2391 1613 2455 Hymnus
1659 2397 1734 2440 est
1777 2391 2010 2442 venantii

560 2469 829 2518 Fortunati.
980 2511 989 2520 .

490 2575 556 2585 —
582 2551 689 2600 114.
714 2551 745 2598 l.
772 2554 820 2599 2.
852 2549 1027 2598 Thom.
1057 2553 1239 2602 omittit
1260 2556 1428 2602 Phae.

490 2655 556 2666 —
577 2657 642 2667 ——
664 2633 697 2680 l.
721 2635 767 2680 4.
792 2632 986 2689 Thom.‚
1006 2635 1179 2683 oborta.

493 2734 559 2744 —
588 2735 655 2746 —-
687 2711 718 2761 l.
754 2714 799 2760 5.
840 2712 1036 2771 Thom„
1085 2717 1219 2763 Hinc
1267 2717 1480 2764 Christus
1522 2717 1632 2764 Rex
1668 2725 1777 2780 post
1828 2723 2012 2768 biduum

556 2791 767 2838 Coenam't
780 2799 909 2839 vetus
932 2797 1197 2843 convivium.

487 2889 555 2900 —
572 2891 638 2902 —-
659 2868 693 2914 l.
720 2871 793 2918 12.
830 2871 926 2917 Pro
946 2881 1156 2933 mentem,
1181 2876 1378 2936 Thom.,
1393 2894 1593 2927 carnem.
