2025 3292
441 254 545 307 106
1086 262 1284 303 mum

580 370 723 425 Fons
746 368 983 425 vulneris
1007 368 1144 423 sacri
1164 367 1306 437 riget
1327 364 1635 438 praecordia,

582 455 752 512 havet
775 473 931 511 cruor
952 454 1176 509 malitiae
1200 452 1482 522 contagia:

583 542 673 598 Sic
701 542 817 597 vita
839 558 1065 612 praesens
1089 540 1286 610 absque
1310 538 1456 595 omni
1478 538 1713 605 crimine,

583 629 793 685 Futura
815 628 973 683 detur
994 628 1057 682 in
1078 626 1234 683 beato
1256 643 1489 682 munere.

583 772 660 827 Ut
683 790 808 827 cum
831 772 1140 843 resurgendi
1163 771 1276 825 dies
1300 770 1571 837 effulserit,

583 859 815 929 Orbique
840 858 1017 929 Regni
1040 858 1253 913 claritas
1277 857 1533 926 illuxerit,

580 946 741 1001 Viam
765 963 1050 1016 sequamur
1072 945 1301 1011 sotheris,
1326 962 1442 1015 quae
1465 962 1561 999 nos
1583 944 1782 1015 trahat,

581 1032 649 1086 In
672 1050 728 1089 se
749 1037 984 1103 receptos
999 1034 1118 1103 jam
1140 1049 1395 1103 perennes
1419 1032 1634 1088 incolas.

580 1174 771 1229 Honor
793 1175 865 1229 sit
888 1174 1089 1229 Eterno
1105 1174 1219 1229 Deo
1238 1194 1255 1241 ;
1290 1173 1359 1229 sit
1382 1174 1553 1244 gloria

582 1260 694 1315 Uni
717 1260 882 1326 Patri,
908 1263 1127 1333 ejusque
1151 1261 1250 1315 soli
1274 1260 1413 1315 Filio

585 1346 723 1400 Cum
749 1346 993 1417 Spiritu:
1030 1366 1149 1418 quse
1174 1347 1406 1401 Trinitas
1428 1345 1732 1416 perenniter

585 1432 739 1487 Vivit
761 1438 950 1503 potens
973 1434 1033 1489 in
1056 1434 1366 1489 saeculorum
1390 1431 1599 1489 saecula.

1072 1684 1297 1739 XLIII.

476 1822 559 1877 IN
593 1820 924 1878 SABBATO
962 1820 1449 1877 HEBDOMADAE
1486 1820 1787 1888 QUTN'DAE
1825 1824 1905 1878 IN

880 1907 1478 1975 QUADRAGESIMA.

793 2045 830 2083 Ε
858 2044 1179 2085 ΒΒΕὙῙΔΒῙΟ
1205 2044 1581 2085 ΠΟΖΑΒΔΒΙΟΟ.

583 2147 832 2203 Vooaars
855 2148 926 2203 ad
950 2148 1136 2215 vitam,
1161 2165 1371 2203 sacrum
1393 2148 1498 2203 Dei
1520 2164 1691 2217 genus
1716 2168 1729 2203 :

581 2234 795 2289 Creator
817 2235 1077 2291 asciscens
1100 2242 1247 2290 amat
1270 2252 1391 2305 quse
1414 2234 1686 2291 condidit:

573 2320 896 2392 Redemptor
921 2321 1147 2377 attrahit
1168 2321 1401 2392 benigno
1424 2321 1667 2391 Spiritu:

574 2406 786 2472 Venite,
812 2407 973 2462 dicit:
1011 2413 1186 2463 vester
1206 2426 1348 2463 unus
1372 2426 1491 2463 sum
1514 2407 1679 2463 Deus.

577 2552 949 2607 Damnationis
972 2569 1066 2609 vos
1081 2554 1280 2624 jugum
1302 2553 1492 2624 pressit
1514 2570 1705 2623 grave:

570 2638 780 2693 Collum
803 2638 1025 2693 dedistis
1048 2639 1269 2709 ponderi
1291 2639 1544 2709 nequitiae
1567 2659 1579 2696 :

578 2724 649 2778 Os
673 2723 1048 2794 tranquillavit
1068 2730 1261 2795 guttur
1284 2732 1340 2781 et
1362 2726 1657 2797 pernicies:

567 2806 831 2879 substate,
855 2809 998 2879 quod
1012 2811 1131 2879 jam
1152 2810 1342 2878 affluit,
1365 2816 1542 2867 totum
1563 2813 1690 2869 ruit.
