2025 3292
504 252 619 340 2'40
1166 296 1344 336 norm..

562 419 793 484 martyris
816 420 1106 483 explicando
1139 419 1287 468 multi
1319 425 1435 467 sunt
1465 426 1637 482 poetae.
1693 419 1925 470 Adamus
1955 423 2007 470 de

562 501 610 551 S.
630 502 850 552 Victore:

883 618 1080 666 Nomen
1101 618 1252 666 habes
1276 617 1491 666 coronati
1513 637 1525 666 ε

881 701 952 749 Te
974 707 1218 749 tormenta
1240 701 1379 748 decet
1401 700 1505 763 pati

1008 782 1106 830 Pro
1127 784 1304 830 corona
1328 781 1515 844 gloriae.

556 903 702 954 Brev.
726 904 1067 954 Eboracense=

878 1002 949 1050 Et
970 1002 1146 1051 corona
1169 1004 1266 1066 qua
1287 1001 1488 1050 nitescis

872 1082 1056 1131 Almus
1077 1083 1204 1131 sacri
1225 1083 1454 1131 nominis.

550 1198 784 1262 Hymnus
806 1199 866 1246 ab
890 1199 956 1246 H.
982 1199 1044 1246 A.
1069 1198 1252 1246 Daniel
1275 1199 1436 1246 editus
1457 1217 1469 1247 ε

873 1296 1107 1358 Stephani
1130 1311 1308 1344 corona
1330 1295 1583 1359 Martyris,

868 1377 1019 1426 Quod
1039 1392 1220 1425 nomen
1241 1378 1350 1440 eJus
1371 1377 1574 1425 indicat.

480 1481 535 1532 P.
579 1483 656 1531 81.
693 1484 861 1531 Sancte
907 1485 1000 1531 Dei
1039 1487 1257 1545 pretiose.
1351 1483 1577 1531 Habetur
1620 1483 1808 1546 partim
1855 1492 1902 1532 et
1941 1485 1985 1531 in

541 1559 791 1608 Breviario
816 1561 1196 1610 Sarisburiensi:
1244 1561 1374 1624 quod
1397 1561 1458 1609 ab
1489 1561 1709 1608 Hem-ico
1741 1561 1986 1625 Episcopo

538 1642 591 1690 in
616 1641 895 1690 Ecclesiam
920 1641 1372 1706 Ulyssiponensem,
1395 1659 1426 1690 a
1450 1643 1680 1706 Philippa
1704 1644 1982 1693 Lancastri·

537 1732 640 1781 ensi
660 1732 714 1780 in
737 1732 1143 1792 Bracharensem,
1169 1733 1442 1791 invectum,
1464 1733 1599 1781 haud
1619 1749 1811 1796 paucos
1843 1733 1982 1782 Lusi·

534 1813 681 1860 taniae
706 1812 1050 1875 suppeditabat
1071 1813 1301 1876 hymnos.

468 1921 535 1930 —
558 1896 635 1942 82.
662 1893 696 1942 1.
728 1894 802 1942 19.
840 1896 994 1951 Patri,
1021 1911 1108 1942 non
1129 1896 1388 1956 adoptione.
1460 1894 1542 1942 Ex
1561 1894 1654 1942 hoc
1677 1902 1819 1958 patet
1839 1897 1982 1960 hym·

533 1973 655 2025 nu'm
699 1977 833 2024 hunc
878 1975 1053 2024 saeculi
1099 1977 1273 2036 octavi,
1310 1976 1391 2025 vel
1433 1978 1549 2025 noni
1587 1977 1810 2026 ineuntis
1851 1994 1982 2028 esse:

530 2054 713 2117 quippe
736 2053 822 2118 qui
842 2053 1232 2116 Elipandianum
1253 2054 1399 2117 plane
1421 2061 1606 2118 spectet
1627 2055 1865 2106 haeresin.

463 2160 529 2170 —
553 2137 630 2183 84.
656 2136 843 2199 Hymn.
866 2136 998 2184 xxiv.
1037 2139 1096 2183 In
1116 2137 1356 2184 Dominica
1377 2143 1486 2185 ante
1509 2139 1844 2198 Epiphaniam.
1905 2139 1983 2186 Ab

530 2212 768 2261 Orientali
787 2211 1016 2263 Ecclesia
1030 2215 1124 2262 hoc
1139 2229 1318 2262 nomen
1339 2220 1631 2263 mutuantur
1649 2215 1979 2265 Mozarabes:

529 2293 613 2341 cui
636 2293 847 2356 Κυριακὴ
870 2293 961 2357 πρὸ
982 2298 1081 2343 τῶν
1101 2294 1274 2343 §dm-om
1298 2301 1382 2342 est.

458 2397 523 2410 —
552 2377 629 2423 85.
654 2374 845 2438 Hymn.
870 2391 984 2424 xxv.
1026 2378 1308 2439 Quicumque
1336 2375 1566 2424 Christum
1588 2380 1827 2438 quc-eritis.
1907 2379 1984 2427 Ex

522 2455 710 2518 hymno
721 2455 1052 2505 Prudentiano
1061 2458 1260 2506 initium
1270 2457 1442 2520 petivit
1449 2457 1670 2520 scriptor.
1709 2458 1982 2522 Hymnum

520 2537 666 2586 illum
702 2552 732 2584 a
766 2536 856 2584 Pio
889 2537 1027 2600 Papa
1054 2539 1114 2587 V.
1156 2540 1218 2587 ad
1259 2539 1464 2587 Festum
1502 2539 1982 2602 Transfigurationis

520 2616 817 2666 translatum
834 2618 989 2666 fuisse
1012 2626 1089 2668 sat
1109 2629 1284 2670 notum
1307 2629 1396 2670 est.

452 2718 519 2732 —
542 2699 620 2747 88.
646 2699 834 2761 Hymn.
856 2700 1008 2748 xxvii.
1064 2702 1146 2749 Ex
1173 2710 1404 2751 novatore
1429 2703 1643 2767 quodam
1666 2704 1872 2754 videtur
1895 2707 1976 2755 hie

517 2777 734 2840 hymnus
766 2778 1008 2840 plurimas
1043 2782 1215 2830 tulisse
1255 2785 1592 2833 correctiones.
1665 2786 1774 2836 Qui
1811 2797 1978 2838 tamen

518 2862 685 2903 contra
726 2857 871 2904 metri
912 2857 1048 2919 leges
1085 2862 1223 2909 Salus
1263 2862 1318 2909 in
1357 2864 1519 2925 primo
1557 2879 1708 2917 versu
1753 2869 1975 2934 reliquit.
