2025 3292
470 302 577 353 250
1132 315 1310 358 noem.

600 438 800 499 Sal-ish„

863 521 1105 584 Nunquid
1125 522 1258 570 haud
1281 521 1528 572 doloribus

925 603 1092 665 Magis
1115 603 1338 652 sitiebas:

862 685 956 733 Sed
982 685 1189 733 salutem
1213 685 1376 748 potius

928 766 1162 814 Nostram
1186 766 1439 816 sentiebas.

538 873 687 922 Quod
708 871 835 932 dedi,
858 887 919 920 ex
940 873 1222 935 conjectura
1247 879 1333 922 est.
1401 875 1522 931 Hoc,
1546 886 1613 920 sc.
1637 875 1784 922 sitim.

474 953 533 1003 P.
556 955 664 1002 120.
689 954 725 1001 l.
746 955 822 1003 23.
858 954 1090 1015 August„
1114 955 1333 1002 Salutem.

472 1061 537 1072 -
562 1037 668 1085 121.
690 1034 723 1084 l.
754 1037 793 1084 1.
832 1034 1030 1093 Sarisb.,
1055 1037 1194 1083 Nunc
1213 1051 1312 1097 ego.

472 1143 539 1152 —
558 1143 625 1152 —
644 1115 678 1164 l.
697 1118 746 1166 9.
777 1117 1008 1178 August„
1032 1118 1180 1165 Nulla
1199 1119 1333 1165 vakt.

472 1224 539 1234 ——
557 1224 624 1233 —
645 1196 679 1245 l.
707 1198 778 1250 17.
816 1198 1047 1260 August„
1076 1195 1248 1258 Corpus
1269 1201 1390 1260 quod
1408 1205 1479 1246 est
1499 1206 1744 1248 mortuum.

473 1305 540 1315 -
558 1306 625 1315 —
649 1279 685 1328 1.
703 1281 779 1328 20.
815 1278 1050 1341 August..
1067 1282 1269 1328 Matrem
1291 1283 1547 1329 cruciabat.
1603 1280 1809 1339 Sarisb„
1831 1283 1999 1329 Pectus

539 1363 873 1410 conscindebat.

472 1469 540 1478 --
566 1445 673 1491 122.
699 1443 731 1491 L
757 1442 803 1489 6.
838 1441 1077 1504 August„
1099 1444 1166 1490 Et
1180 1446 1404 1504 pretium.

472 1551 539 1558 —
560 1549 625 1559 -—
647 1522 680 1572 1.
706 1525 751 1572 9.
787 1525 920 1571 Salve
942 1527 1100 1571 munde·
1116 1526 1334 1572 salutare.
1373 1524 1456 1571 Ex
1469 1524 1687 1572 oratione
1705 1525 1992 1588 rhythmici

542 1605 589 1654 S.
616 1605 853 1653 Bernardi
888 1606 950 1653 ad
982 1606 1204 1654 membra
1239 1607 1424 1654 Christi
1456 1607 1510 1654 in
1547 1607 1710 1654 Cruce
1741 1607 1996 1670 pendentis

542 1687 781 1736 conflatus
803 1694 877 1736 est
897 1688 981 1736 hic
1005 1689 1238 1752 hymnus.

474 1795 540 1804 —-
566 1770 672 1817 131.
708 1771 767 1816 In
791 1770 1082 1831 Susceptione
1119 1764 1302 1817 Coronae
1331 1772 1585 1817 Dominieae
1600 1787 1620 1824 ‚-
1653 1769 1688 1816 i.
1705 1786 1748 1818 e.
1774 1786 1805 1817 a
1829 1771 1881 1819 S.
1897 1771 1996 1818 Lu-

541 1850 712 1898 dovico
744 1849 900 1906 fact&
946 1865 1046 1912 quo
1079 1856 1296 1912 tempore
1333 1850 1590 1914 Capellam
1627 1849 1868 1900 Sanctam
1901 1852 1996 1914 (La

543 1935 703 1981 δοίητε
730 1929 972 1994 chapelle)
996 1931 1101 1978 fieri
1123 1931 1254 1979 fecit.

474 2039 539 2048 —-
568 2013 675 2061 138.
697 2013 731 2060 l.
759 2014 834 2061 19.
873 2013 1018 2061 Brev.
1044 2013 1231 2076 Magd„

672 2125 745 2174 Ut
767 2126 849 2189 qui
871 2141 959 2188 pro
977 2141 1058 2173 me
1079 2140 1252 2188 passus
1275 2140 1326 2172 es
1349 2125 1528 2172 amoris
1549 2124 1738 2184 ardore,

674 2208 751 2256 Sis
776 2208 897 2255 mihi
921 2207 1153 2255 solatium
1175 2207 1227 2254 in
1248 2206 1418 2254 mortis
1441 2221 1613 2270 agone.

553 2315 637 2362 At.
676 2313 749 2362 Ut
770 2314 900 2362 sicut
922 2319 978 2362 tu
1000 2329 1174 2378 passus
1197 2329 1248 2361 es
1267 2328 1439 2376 poenas
1459 2312 1514 2360 in
1536 2327 1710 2374 agone,

674 2395 755 2443 Sic
779 2395 941 2444 labore
959 2395 1222 2444 condolens
1245 2400 1302 2442 ut
1324 2409 1525 2442 concors
1543 2393 1640 2442 sim
1664 2401 1770 2444 tuae
1802 2411 2002 2445 eoronae.

544 2499 691 2550 Quod
716 2500 840 2559 dedi,
865 2517 892 2548 e
913 2502 1192 2564 conjectura
1215 2507 1301 2550 est.

476 2603 541 2614 —-
568 2581 674 2629 143.
697 2579 731 2627 l.
754 2581 804 2626 4.
835 2582 1064 2642 Adesque.
1129 2580 1294 2639 Liber,
1319 2583 1444 2628 ades.

476 2683 541 2693 —
569 2662 676 2707 144.
700 2660 734 2707 l.
764 2661 839 2707 13.
874 2660 1070 2719 Thom.,
1087 2663 1291 2722 perfidis.

477 2761 542 2771 —
560 2763 625 2773 —
645 2739 681 2787 1.
708 2742 781 2786 15.
816 2739 1007 2798 Thom„
1031 2757 1161 2802 quem
1183 2757 1272 2787 non
1291 2743 1432 2804 gravi
1447 2741 1582 2788 solvit
1597 2744 1622 2788 Ρ

478 2837 544 2848 -
566 2814 686 2861 -1.
717 2815 793 2865 17.
828 2815 1025 2872 Thom.‚
1053 2817 1164 2866 Qui.

486 2916 546 2926 -
566 2917 631 2927 -
653 2893 686 2940 1.
715 2895 791 2940 18.
824 2893 1020 2953 Τὶιοιη.,
1037 2893 1200 2944 Jecum
1224 2898 1350 2946 brem·
1371 2901 1716 2960 quaesivitfide.
