2025 3292
784 771 1182 831 PRAEFA'mo.

368 943 767 1012 Pnonrnnurr,
793 948 920 999 ante
943 943 1224 1000 duodecim
1248 961 1432 1014 annos,
1450 943 1666 1018 Hymni

299 1029 562 1096 Εωῑεείω,
604 1031 664 1084 in
693 1032 825 1086 duos
861 1037 1031 1086 ternos
1066 1031 1355 1086 distributi.
1444 1031 1529 1086 Ex
1561 1031 1661 1098 his,

295 1113 435 1167 alter
448 1114 712 1169 Breviarii
729 1115 1055 1181 Parisiensis,
1083 1115 1219 1170 alter
1239 1115 1481 1185 Romani,
1498 1115 1665 1171 Saris-

294 1199 564 1254 buriensis
606 1207 661 1255 et
702 1201 1045 1257 Eboracensis
1093 1203 1319 1273 hymnos
1367 1203 1662 1260 selectiores

291 1287 624 1342 continebat.
697 1289 844 1359 Opus
869 1307 995 1344 sane
1028 1290 1411 1346 utilissimum:
1446 1309 1545 1346 nec
1567 1291 1668 1344 mi-

293 1391 404 1429 nus
443 1373 616 1428 nitore
649 1375 830 1431 formae
856 1393 1021 1447 quam
1055 1377 1295 1432 materia>
1333 1376 1663 1442 excellentia,

291 1461 747 1516 commendatum.
799 1463 865 1516 Id
890 1469 1108 1518 tantum
1132 1469 1247 1518 erat
1272 1462 1575 1530 dolendum,
1602 1469 1668 1518 ut

295 1547 512 1618 Hymni
549 1547 775 1603 Romani
799 1567 868 1604 ex
894 1549 1288 1605 Reformatione
1311 1550 1465 1621 (sive,
1489 1556 1555 1604 ut
1579 1568 1668 1605 ve-

289 1636 415 1689 rius
440 1635 629 1704 dicam,
644 1637 1045 1707 deformatione)
1065 1638 1271 1693 Urbani
1296 1639 1457 1710 Papae
1479 1639 1666 1708 VIII„

292 1723 483 1796 potius
507 1739 668 1794 quam
692 1742 760 1779 ex
783 1727 1108 1798 incorruptis
1136 1731 1192 1781 et
1224 1725 1555 1782 suavioribus
1579 1725 1667 1780 Li-

291 1811 602 1880 turgiarum
618 1813 981 1883 antiquiorum
997 1812 1237 1868 fontibus
1255 1814 1668 1869 desumerentur.

370 1899 533 1953 Anno
576 1900 860 1968 praeterito,
901 1899 1108 1971 publici
1147 1901 1288 1971 juris
1332 1901 1540 1955 factum
1586 1906 1669 1956 est

295 1985 372 2039 H
363 1985 580 2057 ymnale
597 1985 882 2040 secundum
899 2005 1056 2042 usum
1075 1987 1316 2059 insiqnis
1332 1997 1381 2042 et
1399 1987 1670 2059 proeolaroe

299 2073 551 2128 Ecclesiae
598 2071 1018 2128 Sarisburiensis
1041 2091 1059 2126 :
1112 2078 1168 2127 et
1215 2073 1317 2128 hoe
1364 2073 1481 2144 ipso
1528 2091 1669 2128 anno

295 2161 544 2232 ejusdem
589 2159 874 2230 HymnaJis
915 2177 1039 2230 pars
1081 2159 1257 2230 prima
1295 2159 1499 2230 prodiit
1534 2159 1671 2213 Lon-

293 2246 434 2311 dini,
481 2251 748 2317 apparatu
791 2246 996 2315 critico,
1039 2246 1181 2300 notis
1228 2244 1463 2314 musicis,
1507 2244 1667 2300 variis

295 2333 622 2390 lectionibus
668 2333 1091 2387 luculentissime
1138 2334 1418 2386 instructa.
1504 2331 1669 2402 Cujus

289 2421 475 2476 editor
495 2421 636 2474 inter
658 2419 898 2474 homines
924 2418 1299 2489 Hymnologiae
1324 2417 1670 2490 peritissimos

296 2509 546 2564 omnium
565 2525 828 2562 consensu
851 2507 1026 2561 locum
1052 2505 1287 2561 habebit.

371 2595 478 2650 Hae
504 2599 631 2648 sunt
651 2594 989 2664 Hymnorum
1008 2593 1268 2647 editiones
1286 2609 1407 2664 quse
1430 2591 1502 2646 ad
1525 2592 1671 2648 hunc

291 2684 446 2738 diem
467 2681 662 2736 nostris
686 2681 1012 2751 temporibus
1036 2681 1096 2734 in
1119 2680 1319 2752 Angli&
1341 2680 1669 2752 prodierunt.

293 2770 456 2824 Ourae
479 2768 617 2822 mihi
639 2768 749 2821 fuit
771 2785 840 2822 ne
863 2769 1063 2822 iterum
1079 2775 1317 2839 repetam
1334 2785 1456 2837 quse
1478 2767 1539 2820 in
1562 2767 1671 2821 illis

280 2855 620 2928 jamdudum
642 2854 917 2924 leguntur.
960 2855 1141 2919 Quum
1164 2859 1348 2908 autem
1372 2852 1554 2906 Editio
1576 2851 1673 2904 issa
