2025 3292
378 273 446 324 22

1033 278 1227 316 HYMNI

654 387 760 440 Par
782 391 837 439 te
861 384 1014 438 decet
1038 385 1172 450 lauS,
1195 381 1462 452 Spiritus:

657 473 762 539 Qui
784 473 918 542 legis
941 470 1136 525 author
1160 470 1329 538 igneae

660 561 802 613 Puro
826 558 1057 628 quiescis
1080 562 1291 626 pectore

660 647 866 701 Lucens
889 650 944 698 et
968 643 1159 697 ardens
1183 642 1371 696 incola.

661 768 728 822 In
751 765 875 820 filiis
899 783 1031 835 quos
1056 769 1111 817 et
1138 763 1263 817 sinu

662 855 817 908 Almo
841 854 986 907 foves
1013 857 1069 904 et
1093 849 1285 920 gratia,

660 942 917 995 Pascente
943 939 1101 993 corda.
1124 938 1342 991 flamine

666 1029 902 1094 Quantos
927 1043 1129 1081 amores
1154 1025 1357 1078 excitas
1382 1024 1395 1078 Ξ

666 1146 785 1212 Die,
808 1145 972 1208 Deus,
997 1143 1105 1214 quii.
1127 1141 1340 1212 plenius

667 1232 742 1286 'Pe
767 1231 1072 1300 diligamus,
1097 1231 1337 1298 imperas,

669 1318 964 1372 Ardoribus
986 1317 1075 1370 fac
1101 1315 1305 1368 intimis

667 1405 788 1459 Tibi
812 1405 1041 1458 litentur
1063 1408 1292 1474 pectora.

673 1525 816 1590 Quos
841 1523 1173 1590 consecrasti,
1200 1520 1457 1588 charitas,

671 1612 854 1684 Aquis,
879 1627 1057 1664 amore
1081 1625 1359 1663 consecra:

671 1698 746 1752 Et
768 1696 980 1751 numini
1003 1713 1099 1749 nos
1124 1695 1311 1748 altero-

672 1785 843 1839 Partu
866 1783 1065 1838 redona
1086 1782 1237 1834 filios„

682 1905 788 1970 Qui
811 1921 907 1958 nos
933 1902 1148 1969 creavit,
1173 1901 1290 1955 laus
1317 1897 1499 1953 Patri:

677 1994 829 2059 Daue,
855 1991 950 2060 qui
973 1989 1213 2056 redemit,
1241 1987 1377 2041 Filio
1404 2005 1416 2040 ι

680 2081 788 2145 Qui
811 2079 1077 2133 charitate
1100 2093 1195 2129 nos
1221 2075 1382 2140 foves,

678 2167 784 2220 Par
807 2166 878 2220 sit
899 2164 1001 2218 tibi
1026 2164 1159 2230 lauet,
1187 2161 1432 2231 Spiritus,

876 2332 977 2388 AD
1014 2329 1398 2387 VESPERAS.

747 2471 783 2506 Ε
822 2466 1145 2506 BREVIARIO
1182 2463 1491 2504 LAUDUNRN
1498 2462 1565 2502 51.

678 2573 855 2641 DEUS,
880 2571 984 2625 tibi
1006 2571 1101 2641 qui
1126 2569 1322 2624 sufficis

678 2661 790 2714 Tuo
814 2660 1003 2712 beatus
1027 2657 1263 2725 numine,

683 2747 722 2799 J
724 2745 887 2798 ubes:
927 2749 1173 2797 creantur
1198 2741 1408 2795 omnia:

683 2831 755 2884 Et
778 2831 877 2883 lux
903 2835 1093 2885 vocata
1118 2829 1343 2898 prosilit.
