2025 3292
494 272 563 325 82
1130 282 1325 322 nrum

480 388 599 446 'l'ibi
623 390 857 461 primum
879 393 1126 443 reseratae
1148 388 1269 443 eoeli
1291 392 1483 459 patent
1497 391 1717 460 januae:

479 478 521 533 J
521 495 670 533 esum
693 476 842 532 vides
864 480 1130 546 potestate
1154 476 1244 531 eui
1266 493 1477 546 pugnas
1502 481 1720 531 strenue
1740 496 1757 543 ;

479 565 638 622 Stans
661 582 786 620 eum
807 563 984 619 Patris
1007 565 1286 634 maJestate
1310 568 1489 617 tecum
1512 569 1595 618 est
1618 564 1854 619 assidue.

479 711 524 765 Ο
547 710 702 765 beate
726 710 1109 779 Protomartyr‚
1132 708 1273 762 cirea
1296 710 1495 762 stantes
1519 706 1744 778 plurimi

478 798 761 868 Martyres,
783 796 1007 868 quisque
1036 812 1283 851 eoronam
1307 794 1530 850 indutus
1554 813 1651 866 pro
1675 796 1899 863 meritis,

477 885 599 941 Uno
621 902 710 940 ore
731 884 1010 939 beatorum
1034 887 1228 938 vocant
1250 882 1633 937 beatissimum.

480 1030 629 1100 Igne,
652 1029 806 1097 ferre,
833 1027 991 1099 aqua,
1019 1028 1165 1095 fune,
1188 1026 1482 1081 bestiarum
1500 1026 1774 1096 dentibus,

478 1116 640 1186 Toni,
668 1116 853 1181 vincti,
880 1115 1001 1169 eaesi
1024 1113 1178 1168 ibant
1202 1119 1425 1169 ovantes
1450 1114 1505 1170 in
1530 1115 1791 1181 Patriam,

478 1203 587 1258 Ubi
610 1203 804 1258 animae
820 1204 1094 1273 justorum
1117 1200 1259 1255 claro
1283 1200 1523 1271 gaudent
1545 1200 1766 1255 lumine.

478 1348 703 1416 Quibus,
729 1347 860 1403 Ooeli
883 1347 1219 1411 Dominator,
1236 1350 1303 1400 tu
1324 1350 1606 1416 peccantes
1631 1346 1869 1401 servulos

475 1435 679 1507 Magna
694 1434 1019 1505 jubilatione
1041 1434 1207 1489 addas
1230 1434 1339 1488 fine
1363 1433 1561 1498 saeeuli,

473 1523 551 1578 Ut
575 1540 700 1579 cum
722 1522 830 1577 illis
854 1539 1051 1577 nomen
1073 1526 1233 1575 tuum
1256 1520 1539 1575 laudemus
1562 1526 1842 1591 perpetuo-
2014 1498 2017 1581 ἱ

477 1666 656 1723 Gloria
679 1671 734 1721 et
756 1667 923 1720 honor
945 1664 1059 1719 Deo
1086 1664 1181 1735 qui
1204 1681 1387 1718 cruore
1410 1681 1557 1719 roseo

477 1754 780 1821 Coronavit‚
804 1758 861 1807 et
882 1752 1080 1807 locavit
1103 1752 1161 1804 in
1186 1750 1377 1804 throno
1402 1750 1631 1805 sidereo:

478 1842 660 1897 Salvet
681 1857 812 1907 νοω,
839 1839 1047 1893 solvens
1070 1854 1157 1892 eos
1182 1855 1215 1891 a
1236 1838 1424 1892 mortis
1448 1837 1651 1893 aculeo.

1124 2060 1331 2115 XXIII.

710 2185 789 2234 IN
825 2180 1416 2233 CIRCUMCISIONE
1453 2180 1747 2229 DOMINI.

832 2314 868 2351 n
903 2310 1212 2352 nummo
1246 2310 1623 2351 uoznmnco.
2012 2278 2014 2429 Ῑ

758 2416 944 2473 Sion
968 2416 1291 2471 Octavarum
1314 2414 1427 2469 dies

830 2503 1135 2557 Hodiernus
1160 2501 1367 2568 rutilat,

759 2586 876 2653 Quo
901 2584 1192 2639 secundum
1216 2600 1430 2638 earnem
1456 2582 1704 2637 Christus

828 2672 1185 2727 Circumcisus
1209 2670 1447 2724 traditur
1470 2688 1483 2723 :

761 2758 927 2825 Patri,
948 2772 1061 2809 non
1081 2755 1382 2826 adoptione,

833 2842 938 2897 Sed
961 2846 1277 2897 eo-aeternus
1301 2858 1507 2911 genere.
