2025 3292
432 263 544 320 ,196

1111 277 1308 321 nunu

1081 497 1342 555 XXVIII.

691 650 791 699 AD
827 649 1185 700 OFFICIUM
1219 653 1706 706 NOCTURNUM.

569 807 844 863 Exumnoe
869 807 1122 862 laudibus
1145 814 1354 864 saerata
1377 808 1576 876 concie,

568 893 701 950 Ooeli
723 894 1030 964 agminibus
1046 897 1240 965 juncta
1263 895 1515 966 tripudi0,

566 979 673 1038 Pro
698 980 862 1036 Verbi
884 981 1070 1051 glotis,
1095 998 1200 1052 quo
1227 981 1509 1052 splendent
1533 981 1735 1050 omnia,

708 1067 883 1134 Terra,
909 1073 1120 1140 pontus,
1147 1073 1204 1124 et
1227 1069 1440 1124 oethera.

566 1235 863 1290 Promissus
884 1236 1144 1307 panditur
1165 1237 1396 1291 flatrum
1419 1235 1486 1290 de
1508 1236 1704 1304 medi0,

566 1321 743 1376 Patris
766 1340 891 1378 cum
913 1323 1116 1378 labitur
1137 1341 1244 1379 vox
1267 1323 1336 1378 de
1359 1324 1596 1393 fastigio,

564 1408 759 1464 Dieens
782 1409 929 1465 hune
953 1411 1168 1477 Filium,
1195 1410 1462 1465 doctorem
1485 1410 1752 1480 coelicum,

706 1497 1024 1568 Audituque
1049 1497 1435 1567 dignissimum.

565 1681 642 1736 Ut
667 1699 859 1753 sponsa
882 1681 1112 1738 succidit
1133 1699 1229 1753 pro
1252 1681 1432 1737 fratris
1456 1683 1668 1741 semine

568 1768 701 1833 Quae
724 1785 759 1824 a
780 1769 895 1823 viro
916 1767 1183 1840 linquitur
1205 1773 1419 1824 carente
1440 1765 1584 1834 filiis,

566 1855 863 1910 Mandante
887 1855 1118 1909 Domino
1141 1855 1202 1908 in
1224 1858 1408 1910 monte
1431 1853 1595 1908 Moisi

706 1941 1138 1998 calceamentum
1161 1941 1379 1996 solvere.

565 2123 844 2178 Formosus
869 2125 1042 2194 specie
1065 2141 1174 2194 prae
1198 2124 1343 2179 natis
1367 2123 1666 2192 hominum,

564 2209 806 2264 Vestitus
830 2210 1000 2279 gloria
1021 2211 1086 2265 fit
1110 2210 1346 2280 Sponsus
1373 2211 1664 2280 Sanguinis
1685 2230 1702 2278 ;

562 2296 607 2350 Ο
630 2313 713 2352 res
737 2297 998 2351 mimbilis
1021 2299 1033 2351 !
1073 2297 1340 2366 gubernat
1364 2296 1546 2366 omnia

702 2382 897 2448 Celsus,
926 2400 1131 2454 pauper
1153 2389 1210 2438 et
1233 2383 1472 2438 humilis.

557 2559 647 2624 Te,
674 2558 838 2614 Trina
859 2557 1058 2629 DeitaS,
1086 2579 1301 2631 unaque
1325 2560 1608 2631 poscimuS,

556 2644 643 2698 Sic
667 2661 763 2698 nos
788 2651 851 2698 tu
874 2645 1071 2713 visites,
1097 2647 1236 2700 sicut
1259 2653 1315 2700 te
1338 2647 1573 2716 colimus,

555 2729 659 2782 Per
681 2738 801 2784 tuas
826 2731 1042 2784 semitas
1067 2732 1169 2786 due
1192 2749 1288 2786 nos
1313 2751 1418 2804 quo
1443 2734 1724 2790 tendimus

696 2815 783 2868 Ad
806 2816 981 2871 lucem
1006 2834 1169 2886 quam
1193 2819 1481 2876 inhabitas·
