2025 3292
465 252 539 305 46

1126 263 1323 301 BYMNI

755 368 905 422 Tunc
931 372 1131 436 sancta,
1158 385 1275 438 quae
1300 366 1531 436 caligine

753 455 938 510 Noctis
961 460 1293 525 premuntur,
1318 453 1587 523 dogmata,

754 542 950 612 Ruptis
973 549 1158 612 aperta
1181 540 1413 594 nubibus

685 635 696 692 ’·;
755 630 922 684 Pleno
945 628 1208 700 patebunt
1230 629 1289 681 in
1314 628 1417 682 die.

756 749 864 816 Qui
886 766 982 804 nos
1006 749 1223 818 creavit,
1246 748 1365 802 laus
1389 747 1555 816 Patri,
1584 748 1681 804 &m

826 910 862 950 n
888 910 1206 950 mmvumo
1232 896 1601 950 novionnnsn

755 1014 1025 1070 SUPEBBA
1048 1032 1179 1084 gens
1201 1014 1511 1069 mortalium

755 1103 925 1156 Fastu
947 1103 1171 1172 profano
1194 1101 1326 1172 quid
1350 1108 1524 1155 tumes
1540 1103 1565 1155 ἓ

756 1188 1122 1258 Quodcunque
1145 1193 1355 1242 rectum
1376 1187 1601 1258 perfinia,

753 1277 856 1331 Dei
879 1275 1110 1330 faventis
1132 1293 1331 1328 munus
1354 1280 1449 1332 est.

755 1396 849 1450 Nil
873 1397 1075 1451 viribus
1100 1397 1257 1451 debes
1280 1398 1424 1450 tuis:

755 1484 842 1549 Ni,
871 1485 989 1538 fons
1013 1483 1219 1552 salutiS,
1242 1483 1419 1553 gratia.

753 1571 894 1624 Tuos
917 1570 1121 1624 labores
1144 1569 1415 1641 provehat,

754 1656 862 1722 Nil,
889 1675 1029 1712 vana
1052 1658 1240 1722 virtus,
1266 1655 1439 1711 efficis.

752 1793 862 1847 Dat
886 1793 1039 1862 velle,
1064 1793 1158 1847 dat
1182 1799 1386 1847 rectum
1413 1793 1577 1862 sequi,

751 1880 862 1934 Dat
884 1881 998 1951 ipse
1023 1881 1166 1950 quod
1183 1881 1340 1950 jubet
1364 1880 1525 1934 Deus,

751 1967 894 2021 Dum
917 1985 1012 2020 nos
1038 1973 1270 2031 coronat,
1296 1973 1352 2020 et
1376 1985 1472 2021 sua

751 2054 924 2108 Simul
947 2059 1166 2130 coronat
1188 2071 1425 2107 numera..

751 2172 1037 2228 Poscamus
1062 2190 1185 2243 ergo
1210 2172 1475 2243 supplices

750 2260 969 2316 Caeleste
993 2259 1195 2314 donum
1217 2260 1438 2329 gratiae:

747 2347 876 2416 Neo,
903 2349 1090 2418 sponte
1114 2346 1256 2416 quod
1280 2347 1480 2416 praebet
1502 2346 1665 2416 Deua,

749 2434 964 2488 Rebelle
987 2439 1176 2504 pectus
1200 2439 1432 2503 respuat.

748 2551 832 2608 Sit
855 2553 972 2606 laus
997 2553 1163 2622 Patri,
1188 2553 1306 2606 laus
1331 2553 1469 2608 Filio
1500 2571 1511 2607 :

747 2639 831 2694 Sit
853 2657 951 2709 par
975 2639 1077 2693 tibi
1099 2641 1233 2708 lauS,
1260 2639 1489 2710 Spiritus
1511 2658 1523 2695 ε

747 2725 829 2778 De
853 2724 1009 2778 corde
1034 2731 1213 2780 nostro
1238 2728 1321 2781 fac
1346 2731 1456 2780 tuae

750 2809 937 2862 Virtus
961 2811 1257 2881 triumphet
1280 2814 1482 2882 gratiae.
